3600 5682
357 663 395 728 34
538 663 581 708 DE
606 661 787 708 GOLDONIO
814 661 956 708 ITALICAE
980 661 1100 708 SCAENAE
1124 659 1347 709 CORRECTORE

398 1343 555 1408 Naturam
572 1341 669 1427 igitur
683 1340 808 1408 assidue
821 1340 994 1425 insectans,
1011 1340 1060 1407 his
1073 1337 1262 1408 hominibus
1276 1339 1519 1408 inimicissimus

354 1484 420 1533 erat
437 1465 620 1535 Goldonius
636 1467 704 1555 qui,
720 1466 828 1534 nimiae
844 1465 1070 1534 concinnitatis
1085 1484 1257 1551 amatores,
1273 1465 1437 1534 Marinum
1454 1487 1520 1532 ma-

352 1593 492 1680 gistrum
506 1589 753 1682 profitebantur.

398 1716 486 1784 Cum
502 1734 535 1783 et
545 1740 652 1784 rerum
668 1715 867 1806 publicarum
881 1735 912 1784 et
927 1738 1089 1784 sacrarum
1102 1714 1230 1784 libertas
1244 1717 1402 1806 periisset,
1415 1737 1520 1804 neque

353 1839 472 1930 aliquid
487 1841 559 1908 serii
574 1838 747 1909 dicendum
767 1859 912 1926 restaret,
930 1864 1068 1932 cumque
1087 1838 1178 1910 Italia
1196 1841 1344 1908 servituti
1365 1858 1397 1907 et
1416 1840 1520 1908 simu-

352 1964 464 2034 lationi
478 1984 546 2034 tam
563 1987 635 2058 apte
659 1990 727 2034 sese
749 1966 1072 2052 accommodavisset,
1088 1984 1124 2034 ut
1147 1990 1188 2034 ne
1209 1963 1363 2034 dominos
1386 1962 1518 2055 quidem

351 2089 481 2159 irridere
497 2090 530 2159 in
545 2110 668 2160 mentes
684 2093 816 2178 veniret,
834 2090 951 2160 Marini
965 2091 1104 2160 imitatio
1123 2109 1193 2160 orta
1209 2109 1268 2160 est.
1288 2091 1341 2160 sic
1363 2090 1518 2180 Hispania

353 2239 421 2284 non
444 2215 544 2284 modo
567 2239 719 2306 corpora,
742 2240 856 2284 verum
882 2235 913 2284 et
932 2219 1078 2302 animos,
1099 2216 1235 2284 vinculis
1257 2218 1301 2284 ita
1319 2217 1418 2284 artius
1437 2237 1519 2283 con-

354 2343 484 2423 strictis,
502 2363 612 2430 tegere
628 2342 738 2430 coepit.
757 2342 907 2411 Nimium
932 2359 1040 2410 autem
1054 2342 1093 2410 ab
1115 2343 1253 2433 antiquis
1273 2339 1520 2431 degeneraverat

352 2466 442 2535 Italia
466 2490 562 2559 quam
587 2485 621 2534 ut
645 2467 787 2554 insignes
808 2467 971 2536 victorum
993 2468 1129 2536 virtutes
1154 2468 1354 2551 imitaretur,
1373 2464 1520 2558 falsoque

351 2593 457 2660 nitore
477 2611 605 2672 caecata,
624 2591 702 2660 vitia
721 2614 834 2660 eorum
853 2592 991 2660 amabat.
1015 2591 1075 2660 His
1095 2591 1214 2660 scilicet
1234 2592 1358 2682 optime
1377 2610 1518 2681 paratam

353 2735 468 2784 terram
486 2715 659 2806 praebebat,
675 2717 708 2783 in
728 2739 790 2806 qua
809 2716 949 2786 morbidi
965 2715 1062 2785 flores
1076 2735 1268 2807 praemature
1287 2740 1322 2784 se
1340 2716 1519 2805 explicave-

352 2859 428 2908 runt
451 2843 714 2932 contagiumque,
738 2843 881 2931 primum
904 2842 1042 2932 Neapoli
1067 2861 1191 2925 ortum,
1219 2865 1296 2910 mox
1318 2839 1519 2932 peninsulam

351 2986 454 3034 totam
467 2967 595 3048 invasit,
611 2964 650 3034 ad
666 2965 804 3035 Galliam
819 2969 920 3056 ipsam
935 2987 1048 3057 postea
1062 2964 1329 3036 redundaturum.

396 3092 447 3158 De
457 3113 523 3182 quo
535 3090 629 3158 nobis
644 3088 782 3180 judicare
798 3089 871 3161 licet
883 3091 909 3160 si
923 3090 1049 3182 gallicas
1063 3092 1198 3175 litteras,
1212 3092 1380 3160 Ludovico
1392 3089 1519 3161 decimo

353 3219 449 3285 tertio
475 3236 639 3306 regnante,
661 3217 882 3307 perspicimus,
905 3217 1076 3307 inquibus
1101 3215 1194 3286 illum
1216 3217 1352 3308 reperias
1374 3215 1518 3285 fucatum
1548 3291 1550 3296 ,

353 3343 506 3424 nitorem,
522 3365 620 3432 quem
640 3340 767 3410 Bolaeus
788 3341 892 3410 Tasso
914 3343 973 3432 ipsi
993 3343 1072 3410 vitio
1092 3342 1254 3412 vertebat:
1284 3341 1519 3432 frequentiores

353 3467 528 3536 verborum
550 3466 786 3549 translationes,
803 3466 961 3535 antitheta
983 3465 1068 3535 haud
1091 3491 1181 3536 secus
1204 3491 1238 3536 ac
1260 3467 1322 3536 tela
1345 3467 1464 3535 diutius
1483 3465 1518 3535 li-

353 3594 454 3676 brata,
475 3590 691 3661 redundantes
712 3592 955 3683 descriptiones,
979 3593 1121 3660 veritatis
1141 3592 1385 3683 superlationes,
1405 3615 1519 3660 vacuas

353 3739 384 3788 et
400 3737 587 3808 exaggerata
600 3717 776 3786 verborum
791 3719 883 3809 copia
897 3717 981 3785 male
993 3720 1123 3787 vestitas
1138 3719 1326 3798 sententias,
1344 3716 1518 3807 stilumque

352 3845 559 3912 continenter
573 3843 660 3910 velut
674 3842 827 3912 scintillas
841 3862 1003 3933 agentem.
1017 3845 1102 3927 Quae
1117 3844 1228 3913 omnia
1245 3869 1260 3906 a
1275 3843 1516 3910 marinianum»

350 3994 452 4059 genus
469 3970 631 4058 aptissime
645 3968 869 4057 significantia,
887 3988 917 4038 et
940 3970 1029 4060 quasi
1049 3970 1193 4055 decocta,
1209 3970 1241 4036 in
1265 3987 1414 4059 poemate
1431 3965 1518 4034 Ado-

350 4086 441 4154 nidc¹
456 4087 612 4167 invenias,
630 4109 761 4154 summo
778 4084 864 4154 falsae
877 4087 953 4155 artis
970 4109 1080 4177 opere,
1098 4085 1186 4176 quod
1198 4103 1265 4152 tam
1275 4084 1396 4152 multos
1407 4081 1517 4150 habuit

351 4212 540 4279 imitatores.
566 4211 662 4278 Tunc
689 4229 843 4301 apparent
863 4211 931 4278 haec
953 4210 1119 4279 blandiora
1144 4211 1324 4278 amantium
1350 4205 1515 4290 vocabula,

352 4359 423 4426 quae
446 4335 602 4404 Molierns
624 4335 815 4426 Bolaeusque
839 4337 957 4404 merito
979 4337 1173 4403 irriserunt:
1196 4351 1335 4416 catenas,
1363 4353 1515 4416 carceres,

352 4480 527 4543 tormenta,
539 4459 743 4528 dominarum
756 4459 990 4545 crudelitatem,
1003 4457 1189 4548 languidula
1200 4456 1378 4525 deficientis
1387 4457 1518 4546 spiritus

390 4793 411 4832 r.
433 4777 502 4830 Vide
516 4777 549 4831 de
563 4775 679 4830 Adonidc
697 4788 722 4830 et
742 4775 894 4832 mariniano
914 4791 1031 4846 genere:
1056 4773 1094 4827 La
1108 4773 1216 4839 franca,
1235 4732 1370 4843 l'lispagnc
1383 4778 1407 4825 rt
1419 4771 1515 4826 l'Italr'r

351 4882 385 4919 aa
399 4877 469 4920 rrvue
483 4865 562 4922 siecle.
578 4863 712 4920 Plrilarete
727 4864 847 4922 Chasles.
864 4865 987 4930 Lutetiae,
1008 4863 1084 4934 1877.
