3600 5682
323 630 365 696 70
494 629 538 675 DE
563 629 745 675 GOLDONlO
773 628 913 675 lTALlCAE
938 629 1059 675 SCAENAE
1082 628 1320 679 CORRECTORE.

322 764 482 834 redeunt:
509 783 638 833 tantum
668 765 752 834 valet
782 789 820 834 eo
851 765 951 834 modo
984 767 1085 834 ictum
1108 765 1215 833 foedus
1239 785 1399 856 quantum
1422 770 1492 836 sia

321 888 448 979 regibus
480 908 535 957 aut
564 889 676 978 legatis
706 908 836 980 pactum
868 887 990 958 fuisset.
1025 889 1183 957 Convicia
1217 891 1370 959 omittam
1404 915 1489 981 quae,

322 1015 460 1080 Homeri
481 1014 619 1080 heroum
642 1036 746 1095 more,
767 1035 805 1080 ex
825 1031 961 1103 utraque
981 1032 1070 1102 parte
1091 1015 1172 1080 mira
1193 1013 1373 1103 frequentia
1397 1035 1492 1105 atque

321 1136 466 1205 ubertate
479 1136 688 1226 proferuntur
699 1150 721 1206 ¹.

364 1261 444 1329 Non
463 1261 600 1347 longum
621 1279 743 1344 tamen,
765 1283 826 1328 nec
843 1279 918 1349 post
938 1262 1080 1349 primum
1103 1261 1259 1348 temporis
1281 1280 1491 1330 momentum

319 1385 501 1451 inveterans
523 1383 636 1452 odium
643 1411 653 1468 ;
678 1384 717 1452 de
740 1385 863 1451 viatore
885 1382 1046 1472 captando
1069 1401 1176 1451 nautae
1196 1407 1327 1452 summo
1348 1384 1490 1452 clamore

320 1531 395 1575 cum
410 1506 462 1574 alii
477 1509 510 1573 in
525 1506 603 1575 alios
613 1508 895 1574 vehementissime
907 1507 1026 1574 invecti
1040 1519 1148 1589 sunt²,
1159 1509 1192 1574 in
1203 1505 1370 1575 tabernula
1383 1507 1491 1577 subito

320 1651 529 1719 compotores
544 1629 617 1696 facti
632 1629 671 1696 de
685 1628 819 1698 homine
833 1632 877 1696 sic
891 1629 1073 1719 loquuntur
1089 1653 1096 1696 ε

365 1793 409 1804 -
432 1781 448 1818 a
467 1755 573 1842 Hujus
588 1752 678 1821 modi
699 1754 1040 1842 peregrinipvenetum
1055 1777 1241 1822 sermonem
1256 1755 1311 1844 qui
1329 1757 1490 1837 nesciunt,

323 1879 474 1966 psittacos
496 1879 675 1946 imitantur.
698 1878 770 1947 Nos
792 1896 900 1946 autem
920 1879 1015 1946 amici
1033 1901 1158 1959 sumus,
1181 1901 1380 1968 quanquam,
1401 1901 1492 1947 occa·

321 2002 413 2068 sione
427 2001 512 2081 data,
528 2000 621 2069 famae
636 2002 785 2090 cupidine
799 2021 875 2070 ante
890 2020 1045 2090 patronos
1059 1999 1145 2068 nulla
1160 2002 1205 2068 ira
1215 2003 1455 2070 tumultuamur
1465 2016 1488 2087 ³3

323 2144 406 2193 terra
421 2146 531 2192 tamen
546 2125 705 2194 fraterculi
723 2149 847 2208 sumus,
872 2148 948 2192 nam
976 2126 1062 2192 canis
1090 2125 1238 2193 caninam
1268 2149 1337 2194 non
1364 2144 1425 2209 est,
1455 2145 1492 2195 ut

323 2251 424 2317 aiunt.
444 2277 460 2313 u
479 2250 622 2318 Narrant
637 2271 714 2316 vero
729 2248 819 2338 quod
834 2271 964 2340 quoque
979 2249 1044 2316 fere
1059 2247 1110 2316 die
1126 2249 1285 2317 naviculas
1301 2250 1492 2318 ducentibus

327 2373 445 2456 evenit,
462 2373 609 2441 occultos
630 2373 766 2440 civitatis
784 2395 925 2455 amores,
947 2371 1207 2462 maledicuntque
1228 2372 1268 2441 de
1286 2375 1399 2456 avaris,
1422 2375 1491 2464 qui,

327 2497 472 2563 nummis
486 2494 636 2585 parcendi
658 2497 773 2583 gratia,
794 2522 810 2559 <‹
831 2520 947 2564 canum
972 2498 1033 2564 iter
1050 2509 1253 2586 sequuntur⁴
1270 2521 1300 2565 a.
1323 2497 1492 2564 Interdum

326 2637 358 2686 et
377 2642 470 2686 suam
486 2637 586 2686 artem
604 2619 748 2700 laudant,
763 2642 861 2708 quam
876 2643 894 2686 a
908 2617 1094 2708 parentibus
1108 2619 1258 2688 traditam
1274 2619 1371 2708 longa
1389 2643 1491 2688 saecu-

325 2741 434 2810 lorum
446 2743 526 2809 serie
541 2754 710 2810 exercent⁵
725 2767 732 2810 :
754 2769 770 2806 a
786 2744 873 2826 Nos,
889 2742 1047 2831 cymbalae
1061 2763 1214 2825 rectores,
1230 2743 1403 2831 collegium
1418 2744 1493 2812 faci-

324 2889 398 2932 mus
423 2868 474 2934 cui
498 2888 565 2932 non
582 2864 719 2933 alterum
735 2865 838 2933 simile
854 2867 888 2932 in
903 2886 975 2935 toto
991 2886 1148 2934 terrarum
1165 2865 1254 2935 orbe.
1275 2866 1396 2934 Publici
1412 2868 1493 2934 servi

324 2988 454 3078 quidem
470 3011 596 3070 sumus,
612 2987 667 3057 sed
682 2987 797 3056 nobilis
813 3012 861 3054 ars
877 3008 988 3057 nostra
1003 3008 1063 3069 est,
1076 3011 1135 3056 nec
1146 3013 1218 3078 quae
1228 3013 1343 3057 manus
1358 2989 1491 3060 inficiata

325 3111 543 3179 Secretissima
557 3110 752 3178 familiarum
766 3112 932 3196 novimus,
951 3133 1009 3177 nec
1024 3111 1209 3179 timendum
1225 3131 1273 3180 est
1290 3136 1330 3179 ne
1347 3136 1494 3202 unquam

324 3257 359 3301 ea
375 3233 550 3302 tradamus.
567 3235 710 3321 Largum
726 3234 768 3301 ob
784 3250 936 3301 nostrum
955 3232 1095 3319 lucrum,
1116 3257 1165 3302 res
1182 3234 1346 3304 familiaris
1361 3236 1445 3304 bene
1462 3259 1496 3304 se

325 3357 419 3425 habet
446 3377 477 3424 et
506 3356 599 3424 nobis
626 3355 708 3446 apud
738 3375 933 3422 mercatores
960 3357 1084 3444 optima
1112 3375 1160 3424 est
1188 3356 1278 3424 fides.
1313 3359 1493 3427 Neminem

324 3505 469 3572 unquam
484 3480 700 3569 prodidimus,
722 3478 871 3568 famaque
892 3499 938 3546 est
962 3480 1055 3548 nobis
1074 3480 1234 3548 salsorum
1250 3481 1496 3572 facetorumque

325 3605 511 3688 hominum,
526 3625 637 3694 arguta
654 3624 685 3673 et
702 3622 794 3671 acuta
809 3602 1003 3692 respondere
1018 3622 1234 3672 assuetorum.
1253 3607 1393 3673 Patriam
1412 3613 1495 3693 prae-

367 3887 389 3925 1.
412 3889 426 3920 «
440 3869 501 3924 Ahl
522 3871 646 3942 sporche,
666 3871 798 3936 frascone,
818 3868 964 3942 pettegole,
985 3880 1084 3940 quante
1103 3869 1153 3923 che
1172 3871 1215 3924 sel
1234 3899 1268 3908 -
1282 3869 1376 3936 Matte,
1396 3870 1496 3938 zelose,

326 3959 463 4028 inspirtae,
485 3959 587 4013 bruttel
609 3958 705 4013 -Ol
727 3959 808 4012 siestu
829 3957 991 4012 maladettal
1012 3987 1047 3997 -
1068 3958 1145 4012 Aveu
1165 3959 1252 4012 sentio
1272 3976 1304 4012 co
1323 3961 1498 4014 sboccaizza?

327 4058 378 4101 etc.
395 4068 409 4098 a
432 4047 496 4100 Haec
517 4062 532 4099 a
553 4046 663 4100 feminis
684 4048 877 4116 exprobrantur
895 4047 944 4116 (La
963 4045 1044 4098 danna
1062 4045 1149 4116 galasa,
1170 4047 1232 4103 Act.
1253 4048 1288 4111 11,
1308 4063 1346 4103 sc.
1368 4047 1423 4118 21).
1440 4047 1498 4111 Qui

327 4135 395 4189 scire
405 4134 469 4188 velit
484 4136 611 4205 quamsit
626 4135 732 4205 probris
746 4136 914 4188 inveniendis
925 4135 1067 4206 ingeniosa
1076 4133 1208 4188 Italorum
1221 4151 1307 4200 mens,
1320 4135 1366 4188 ille
1380 4134 1452 4206 legat
1464 4136 1500 4189 La

328 4223 423 4295 barnffa
437 4225 558 4293 chiozaata
580 4222 777 4294 nonnullasque
791 4239 891 4276 scaenas
905 4224 933 4276 in
948 4223 986 4276 La
995 4230 1071 4294 putta
1085 4230 1190 4276 onorata
1206 4234 1232 4276 et
1245 4224 1283 4276 La
1299 4223 1381 4276 bnona
1394 4224 1495 4295 anaglia.

365 4347 389 4386 2.
408 4329 447 4384 La
456 4335 532 4401 putta
545 4336 660 4385 onorata.
676 4330 738 4383 Act.
755 4329 790 4395 11,
806 4345 842 4383 sc.
860 4345 903 4384 21.

368 4451 391 4504 3.
414 4455 428 4486 ι(
443 4437 561 4506 Bisogna
575 4435 608 4489 de
622 4435 648 4489 le
660 4434 733 4489 volte
748 4437 817 4488 criar
831 4452 878 4505 per
888 4435 1054 4505 reputazion,
1065 4435 1142 4489 siben
1153 4435 1202 4489 che
1212 4452 1248 4488 no
1256 4451 1285 4488 se
1294 4436 1350 4506 ghe
1360 4433 1424 4489 n'ha
1434 4452 1500 4506 vog-

330 4531 383 4596 gia.
398 4544 412 4575 a
427 4525 478 4594 (La
487 4531 563 4597 putta
578 4526 692 4580 onorata.
712 4524 774 4577 Act.
791 4523 839 4588 111,
856 4539 891 4578 sc.
913 4525 969 4592 12⁴)

367 4646 393 4697 4.
416 4630 446 4684 ld
461 4641 500 4684 est
514 4631 637 4701 pedibuS,
653 4645 703 4682 nec
717 4628 824 4700 cymba,
840 4639 960 4683 utuntur.

371 4751 394 4804 5.
415 4736 453 4788 La
464 4743 539 4806 pntta
552 4742 664 4790 onorata.
681 4735 756 4804 (Act.
772 4734 795 4800 1,
809 4749 844 4789 sc.
865 4734 922 4802 18.)
998 4750 1002 4758 ·
