<?xml version="1.0" encoding="UTF-8"?>
<!DOCTYPE html PUBLIC "-//W3C//DTD XHTML 1.0 Transitional//EN"
    "http://www.w3.org/TR/xhtml1/DTD/xhtml1-transitional.dtd">
<html xmlns="http://www.w3.org/1999/xhtml" xml:lang="en" lang="en">
 <head>
  <title>
</title>
<meta http-equiv="Content-Type" content="text/html;charset=utf-8" />
  <meta name='ocr-system' content='tesseract 3.04.00' />
  <meta name='ocr-capabilities' content='ocr_page ocr_carea ocr_par ocr_line ocrx_word'/>
</head>
<body>
  <div class='ocr_page' id='page_1' title='image "./degoldonioitali00rabagoog_0076.png"; bbox 0 0 3600 5682; ppageno 0'>
   <div class='ocr_carea' id='block_1_1' title="bbox 544 610 1473 678">
    <p class='ocr_par' dir='ltr' id='par_1_1' title="bbox 544 610 1473 678">
     <span class='ocr_line' id='line_1_1' title="bbox 544 610 1473 678; baseline -0.002 -2"><span class='ocrx_word' id='word_1_1' title='bbox 544 629 846 678; x_wconf 79' lang='lat' dir='ltr'>GOLDONIANARUM</span> <span class='ocrx_word' id='word_1_2' title='bbox 871 631 1074 678; x_wconf 80' lang='lat' dir='ltr'>FABULARUM</span> <span class='ocrx_word' id='word_1_3' title='bbox 1100 629 1240 677; x_wconf 83' lang='lat' dir='ltr'><strong>DIVISIO.</strong></span> <span class='ocrx_word' id='word_1_4' title='bbox 1436 610 1473 675; x_wconf 80' lang='lat'>61</span> 
     </span>
    </p>
   </div>
   <div class='ocr_carea' id='block_1_2' title="bbox 295 765 1523 3958">
    <p class='ocr_par' dir='ltr' id='par_1_2' title="bbox 308 765 1478 1355">
     <span class='ocr_line' id='line_1_2' title="bbox 308 765 1477 858; baseline -0.002 -24"><span class='ocrx_word' id='word_1_5' title='bbox 308 767 399 837; x_wconf 90' lang='lat' dir='ltr'>furtis</span> <span class='ocrx_word' id='word_1_6' title='bbox 414 767 587 858; x_wconf 85' lang='lat' dir='ltr'>compilare</span> <span class='ocrx_word' id='word_1_7' title='bbox 609 785 720 836; x_wconf 86' lang='lat' dir='ltr'>cessat.</span> <span class='ocrx_word' id='word_1_8' title='bbox 748 769 828 837; x_wconf 93' lang='lat' dir='ltr'>Nou</span> <span class='ocrx_word' id='word_1_9' title='bbox 849 770 957 836; x_wconf 89' lang='lat' dir='ltr'>minus</span> <span class='ocrx_word' id='word_1_10' title='bbox 977 787 1085 836; x_wconf 88' lang='lat' dir='ltr'>tamen</span> <span class='ocrx_word' id='word_1_11' title='bbox 1104 766 1316 850; x_wconf 92' lang='lat' dir='ltr'>document0‚</span> <span class='ocrx_word' id='word_1_12' title='bbox 1333 766 1419 858; x_wconf 89' lang='lat' dir='ltr'>quod</span> <span class='ocrx_word' id='word_1_13' title='bbox 1439 765 1477 833; x_wconf 90' lang='lat' dir='ltr'>ad</span> 
     </span>
     <span class='ocr_line' id='line_1_3' title="bbox 310 891 1477 983; baseline -0.001 -22"><span class='ocrx_word' id='word_1_14' title='bbox 310 917 416 962; x_wconf 88' lang='lat' dir='ltr'>mores</span> <span class='ocrx_word' id='word_1_15' title='bbox 431 895 582 983; x_wconf 87' lang='lat' dir='ltr'>pertinet,</span> <span class='ocrx_word' id='word_1_16' title='bbox 594 891 663 961; x_wconf 83' lang='lat' dir='ltr'>baec</span> <span class='ocrx_word' id='word_1_17' title='bbox 677 891 782 961; x_wconf 81' lang='lat' dir='ltr'>fabula</span> <span class='ocrx_word' id='word_1_18' title='bbox 796 913 843 962; x_wconf 92' lang='lat' dir='ltr'>est</span> <span class='ocrx_word' id='word_1_19' title='bbox 857 920 863 960; x_wconf 95' lang='lat'>:</span> <span class='ocrx_word' id='word_1_20' title='bbox 883 913 1004 962; x_wconf 88' lang='lat' dir='ltr'>naturae</span> <span class='ocrx_word' id='word_1_21' title='bbox 1018 910 1131 963; x_wconf 84' lang='lat' dir='ltr'>contra</span> <span class='ocrx_word' id='word_1_22' title='bbox 1146 917 1181 962; x_wconf 86' lang='lat' dir='ltr'>ac</span> <span class='ocrx_word' id='word_1_23' title='bbox 1192 895 1317 962; x_wconf 88' lang='lat' dir='ltr'>veritati</span> <span class='ocrx_word' id='word_1_24' title='bbox 1330 893 1477 982; x_wconf 87' lang='lat' dir='ltr'><strong>propior,</strong></span> 
     </span>
     <span class='ocr_line' id='line_1_4' title="bbox 309 1017 1475 1108; baseline -0.002 -22"><span class='ocrx_word' id='word_1_25' title='bbox 309 1020 409 1108; x_wconf 85' lang='lat' dir='ltr'>magis</span> <span class='ocrx_word' id='word_1_26' title='bbox 433 1017 588 1108; x_wconf 88' lang='lat' dir='ltr'>proficere</span> <span class='ocrx_word' id='word_1_27' title='bbox 608 1017 702 1087; x_wconf 89' lang='lat' dir='ltr'>nobis</span> <span class='ocrx_word' id='word_1_28' title='bbox 721 1017 861 1104; x_wconf 88' lang='lat' dir='ltr'>videtur,</span> <span class='ocrx_word' id='word_1_29' title='bbox 882 1019 942 1088; x_wconf 91' lang='lat' dir='ltr'>etsi</span> <span class='ocrx_word' id='word_1_30' title='bbox 961 1018 1077 1088; x_wconf 89' lang='lat' dir='ltr'>absunt</span> <span class='ocrx_word' id='word_1_31' title='bbox 1096 1018 1300 1108; x_wconf 87' lang='lat' dir='ltr'>ogganientis</span> <span class='ocrx_word' id='word_1_32' title='bbox 1315 1017 1475 1086; x_wconf 87' lang='lat' dir='ltr'>eamdem·</span> 
     </span>
     <span class='ocr_line' id='line_1_5' title="bbox 310 1143 1478 1235; baseline -0.001 -24"><span class='ocrx_word' id='word_1_33' title='bbox 310 1166 372 1235; x_wconf 89' lang='lat' dir='ltr'>que</span> <span class='ocrx_word' id='word_1_34' title='bbox 387 1143 579 1211; x_wconf 86' lang='lat' dir='ltr'>cantilenam</span> <span class='ocrx_word' id='word_1_35' title='bbox 595 1165 721 1232; x_wconf 84' lang='lat' dir='ltr'>semper</span> <span class='ocrx_word' id='word_1_36' title='bbox 735 1144 878 1212; x_wconf 88' lang='lat' dir='ltr'>canentis</span> <span class='ocrx_word' id='word_1_37' title='bbox 892 1143 1031 1212; x_wconf 86' lang='lat' dir='ltr'>auctoris</span> <span class='ocrx_word' id='word_1_38' title='bbox 1046 1165 1225 1212; x_wconf 89' lang='lat' dir='ltr'>sermones.</span> <span class='ocrx_word' id='word_1_39' title='bbox 1239 1144 1302 1212; x_wconf 90' lang='lat' dir='ltr'>Res</span> <span class='ocrx_word' id='word_1_40' title='bbox 1316 1143 1396 1232; x_wconf 89' lang='lat' dir='ltr'>ipsa,</span> <span class='ocrx_word' id='word_1_41' title='bbox 1410 1165 1478 1210; x_wconf 93' lang='lat' dir='ltr'>non</span> 
     </span>
     <span class='ocr_line' id='line_1_6' title="bbox 310 1251 541 1355; baseline 0.004 -20"><span class='ocrx_word' id='word_1_42' title='bbox 310 1269 418 1355; x_wconf 90' lang='lat' dir='ltr'>verba,</span> <span class='ocrx_word' id='word_1_43' title='bbox 436 1251 541 1336; x_wconf 89' lang='lat' dir='ltr'>docet.</span> 
     </span>
    </p>

    <p class='ocr_par' dir='ltr' id='par_1_3' title="bbox 295 1391 1523 2481">
     <span class='ocr_line' id='line_1_7' title="bbox 353 1391 1477 1482; baseline -0.001 -21"><span class='ocrx_word' id='word_1_44' title='bbox 353 1395 462 1462; x_wconf 90' lang='lat' dir='ltr'>Minus</span> <span class='ocrx_word' id='word_1_45' title='bbox 482 1415 591 1462; x_wconf 86' lang='lat' dir='ltr'>veram</span> <span class='ocrx_word' id='word_1_46' title='bbox 614 1393 707 1462; x_wconf 88' lang='lat' dir='ltr'>nobis</span> <span class='ocrx_word' id='word_1_47' title='bbox 736 1391 880 1482; x_wconf 83' lang='lat' dir='ltr'>depingit</span> <span class='ocrx_word' id='word_1_48' title='bbox 900 1392 1045 1460; x_wconf 90' lang='lat' dir='ltr'>indolem</span> <span class='ocrx_word' id='word_1_49' title='bbox 1067 1394 1279 1481; x_wconf 80' lang='lat' dir='ltr'>Antiquarius</span> <span class='ocrx_word' id='word_1_50' title='bbox 1300 1403 1308 1431; x_wconf 89' lang='lat'><em>¹</em></span> <span class='ocrx_word' id='word_1_51' title='bbox 1332 1393 1386 1482; x_wconf 93' lang='lat' dir='ltr'>qui</span> <span class='ocrx_word' id='word_1_52' title='bbox 1407 1391 1477 1481; x_wconf 93' lang='lat' dir='ltr'>plus</span> 
     </span>
     <span class='ocr_line' id='line_1_8' title="bbox 310 1514 1478 1610; baseline -0.003 -24"><span class='ocrx_word' id='word_1_53' title='bbox 310 1541 404 1610; x_wconf 85' lang='lat' dir='ltr'>aequo</span> <span class='ocrx_word' id='word_1_54' title='bbox 418 1517 596 1587; x_wconf 84' lang='lat' dir='ltr'>incredibili</span> <span class='ocrx_word' id='word_1_55' title='bbox 611 1516 744 1585; x_wconf 87' lang='lat' dir='ltr'>stultitia</span> <span class='ocrx_word' id='word_1_56' title='bbox 759 1515 918 1607; x_wconf 90' lang='lat' dir='ltr'>decipitur</span> <span class='ocrx_word' id='word_1_57' title='bbox 934 1543 941 1583; x_wconf 91' lang='lat'>:</span> <span class='ocrx_word' id='word_1_58' title='bbox 962 1517 1107 1607; x_wconf 80' lang='lat' dir='ltr'>lampada</span> <span class='ocrx_word' id='word_1_59' title='bbox 1126 1514 1315 1606; x_wconf 82' lang='lat' dir='ltr'>quamdam,</span> <span class='ocrx_word' id='word_1_60' title='bbox 1332 1539 1428 1605; x_wconf 91' lang='lat' dir='ltr'>quam</span> <span class='ocrx_word' id='word_1_61' title='bbox 1444 1517 1478 1583; x_wconf 94' lang='lat' dir='ltr'>in</span> 
     </span>
     <span class='ocr_line' id='line_1_9' title="bbox 310 1619 1476 1733; baseline -0.003 -22"><span class='ocrx_word' id='word_1_62' title='bbox 310 1643 443 1733; x_wconf 86' lang='lat' dir='ltr'>AEgypti</span> <span class='ocrx_word' id='word_1_63' title='bbox 457 1642 675 1731; x_wconf 84' lang='lat' dir='ltr'>pyramidibus</span> <span class='ocrx_word' id='word_1_64' title='bbox 689 1644 855 1710; x_wconf 82' lang='lat' dir='ltr'>inventam</span> <span class='ocrx_word' id='word_1_65' title='bbox 867 1643 977 1710; x_wconf 86' lang='lat' dir='ltr'>asserit</span> <span class='ocrx_word' id='word_1_66' title='bbox 992 1665 1100 1710; x_wconf 89' lang='lat' dir='ltr'>servus</span> <span class='ocrx_word' id='word_1_67' title='bbox 1116 1619 1289 1730; x_wconf 77' lang='lat' dir='ltr'>brighella,</span> <span class='ocrx_word' id='word_1_68' title='bbox 1302 1640 1476 1731; x_wconf 83' lang='lat' dir='ltr'>crepidam,</span> 
     </span>
     <span class='ocr_line' id='line_1_10' title="bbox 311 1766 1478 1858; baseline -0.001 -23"><span class='ocrx_word' id='word_1_69' title='bbox 311 1791 372 1858; x_wconf 91' lang='lat' dir='ltr'>qua</span> <span class='ocrx_word' id='word_1_70' title='bbox 384 1768 475 1837; x_wconf 92' lang='lat' dir='ltr'>Nero</span> <span class='ocrx_word' id='word_1_71' title='bbox 489 1769 665 1857; x_wconf 88' lang='lat' dir='ltr'>imperator</span> <span class='ocrx_word' id='word_1_72' title='bbox 678 1767 833 1836; x_wconf 88' lang='lat' dir='ltr'>calceatus</span> <span class='ocrx_word' id='word_1_73' title='bbox 849 1766 928 1858; x_wconf 88' lang='lat' dir='ltr'>pede</span> <span class='ocrx_word' id='word_1_74' title='bbox 944 1768 1120 1856; x_wconf 88' lang='lat' dir='ltr'>Poppaeam</span> <span class='ocrx_word' id='word_1_75' title='bbox 1141 1767 1302 1856; x_wconf 89' lang='lat' dir='ltr'>petiverit,</span> <span class='ocrx_word' id='word_1_76' title='bbox 1321 1767 1478 1834; x_wconf 83' lang='lat' dir='ltr'>Lucretiae</span> 
     </span>
     <span class='ocr_line' id='line_1_11' title="bbox 310 1886 1476 1984; baseline 0 -26"><span class='ocrx_word' id='word_1_77' title='bbox 310 1891 439 1984; x_wconf 86' lang='lat' dir='ltr'>capillos</span> <span class='ocrx_word' id='word_1_78' title='bbox 454 1915 470 1960; x_wconf 87' lang='lat' dir='ltr'>a</span> <span class='ocrx_word' id='word_1_79' title='bbox 486 1893 667 1984; x_wconf 88' lang='lat' dir='ltr'>Tarquinio</span> <span class='ocrx_word' id='word_1_80' title='bbox 682 1893 822 1977; x_wconf 89' lang='lat' dir='ltr'>evulsos,</span> <span class='ocrx_word' id='word_1_81' title='bbox 839 1894 918 1960; x_wconf 92' lang='lat' dir='ltr'>dum</span> <span class='ocrx_word' id='word_1_82' title='bbox 932 1893 999 1959; x_wconf 90' lang='lat' dir='ltr'>vim</span> <span class='ocrx_word' id='word_1_83' title='bbox 1014 1890 1175 1982; x_wconf 88' lang='lat' dir='ltr'>pudicitiae</span> <span class='ocrx_word' id='word_1_84' title='bbox 1194 1886 1310 1958; x_wconf 85' lang='lat' dir='ltr'>inferte</span> <span class='ocrx_word' id='word_1_85' title='bbox 1325 1910 1476 1973; x_wconf 85' lang='lat' dir='ltr'>tentaret,</span> 
     </span>
     <span class='ocr_line' id='line_1_12' title="bbox 295 1999 1523 2107; baseline -0.002 -22"><span class='ocrx_word' id='word_1_86' title='bbox 295 2039 430 2107; x_wconf 88' lang='lat' dir='ltr'>magno</span> <span class='ocrx_word' id='word_1_87' title='bbox 445 2019 550 2107; x_wconf 91' lang='lat' dir='ltr'>pretio</span> <span class='ocrx_word' id='word_1_88' title='bbox 568 2019 658 2084; x_wconf 90' lang='lat' dir='ltr'>emit.</span> <span class='ocrx_word' id='word_1_89' title='bbox 683 2017 853 2086; x_wconf 89' lang='lat' dir='ltr'>Faciliores</span> <span class='ocrx_word' id='word_1_90' title='bbox 871 2017 923 2085; x_wconf 88' lang='lat' dir='ltr'>isti</span> <span class='ocrx_word' id='word_1_91' title='bbox 948 2039 984 2084; x_wconf 90' lang='lat' dir='ltr'>ac</span> <span class='ocrx_word' id='word_1_92' title='bbox 1006 2017 1102 2084; x_wconf 85' lang='lat' dir='ltr'>nimis</span> <span class='ocrx_word' id='word_1_93' title='bbox 1122 2015 1268 2084; x_wconf 89' lang='lat' dir='ltr'>scurriles</span> <span class='ocrx_word' id='word_1_94' title='bbox 1283 2017 1366 2105; x_wconf 83' lang='lat' dir='ltr'>joci:</span> <span class='ocrx_word' id='word_1_95' title='bbox 1389 2014 1477 2106; x_wconf 92' lang='lat' dir='ltr'>quod</span> <span class='ocrx_word' id='word_1_96' title='bbox 1522 1999 1523 2004; x_wconf 6' lang='grc' dir='ltr'>ἵ</span> 
     </span>
     <span class='ocr_line' id='line_1_13' title="bbox 310 2140 1477 2232; baseline -0.002 -24"><span class='ocrx_word' id='word_1_97' title='bbox 310 2140 439 2232; x_wconf 90' lang='lat' dir='ltr'>quidem</span> <span class='ocrx_word' id='word_1_98' title='bbox 454 2140 629 2232; x_wconf 84' lang='lat' dir='ltr'>explicatur</span> <span class='ocrx_word' id='word_1_99' title='bbox 643 2165 718 2208; x_wconf 92' lang='lat' dir='ltr'>cum</span> <span class='ocrx_word' id='word_1_100' title='bbox 736 2144 855 2210; x_wconf 90' lang='lat' dir='ltr'>scimus</span> <span class='ocrx_word' id='word_1_101' title='bbox 875 2141 957 2209; x_wconf 87' lang='lat' dir='ltr'>hanc</span> <span class='ocrx_word' id='word_1_102' title='bbox 976 2140 1121 2209; x_wconf 85' lang='lat' dir='ltr'>fabellam</span> <span class='ocrx_word' id='word_1_103' title='bbox 1137 2143 1278 2230; x_wconf 89' lang='lat' dir='ltr'>primurn</span> <span class='ocrx_word' id='word_1_104' title='bbox 1298 2163 1338 2208; x_wconf 86' lang='lat' dir='ltr'>ex</span> <span class='ocrx_word' id='word_1_105' title='bbox 1357 2142 1477 2230; x_wconf 89' lang='lat' dir='ltr'>impro-</span> 
     </span>
     <span class='ocr_line' id='line_1_14' title="bbox 311 2263 1477 2359; baseline -0.001 -25"><span class='ocrx_word' id='word_1_106' title='bbox 311 2268 381 2334; x_wconf 91' lang='lat' dir='ltr'>viso</span> <span class='ocrx_word' id='word_1_107' title='bbox 396 2268 573 2349; x_wconf 86' lang='lat' dir='ltr'>recitatam,</span> <span class='ocrx_word' id='word_1_108' title='bbox 590 2266 821 2359; x_wconf 87' lang='lat' dir='ltr'>Brighellaeque</span> <span class='ocrx_word' id='word_1_109' title='bbox 838 2285 869 2335; x_wconf 91' lang='lat' dir='ltr'>et</span> <span class='ocrx_word' id='word_1_110' title='bbox 892 2266 1074 2334; x_wconf 88' lang='lat' dir='ltr'>Arlecchini</span> <span class='ocrx_word' id='word_1_111' title='bbox 1087 2283 1191 2355; x_wconf 89' lang='lat' dir='ltr'>partes</span> <span class='ocrx_word' id='word_1_112' title='bbox 1210 2263 1334 2334; x_wconf 88' lang='lat' dir='ltr'>edendo</span> <span class='ocrx_word' id='word_1_113' title='bbox 1350 2282 1477 2333; x_wconf 86' lang='lat' dir='ltr'>tantum</span> 
     </span>
     <span class='ocr_line' id='line_1_15' title="bbox 312 2389 666 2481; baseline 0.003 -22"><span class='ocrx_word' id='word_1_114' title='bbox 312 2391 401 2481; x_wconf 89' lang='lat' dir='ltr'>operi</span> <span class='ocrx_word' id='word_1_115' title='bbox 414 2392 546 2480; x_wconf 89' lang='lat' dir='ltr'>scriptas</span> <span class='ocrx_word' id='word_1_116' title='bbox 560 2389 666 2460; x_wconf 83' lang='lat' dir='ltr'>fuisse.</span> 
     </span>
    </p>

    <p class='ocr_par' dir='ltr' id='par_1_4' title="bbox 309 2515 1516 3958">
     <span class='ocr_line' id='line_1_16' title="bbox 353 2515 1477 2605; baseline 0 -22"><span class='ocrx_word' id='word_1_117' title='bbox 353 2516 404 2584; x_wconf 88' lang='lat' dir='ltr'>De</span> <span class='ocrx_word' id='word_1_118' title='bbox 420 2516 513 2583; x_wconf 83' lang='lat' dir='ltr'>Poeta</span> <span class='ocrx_word' id='word_1_119' title='bbox 526 2517 681 2605; x_wconf 84' lang='lat' dir='ltr'>fanatico,</span> <span class='ocrx_word' id='word_1_120' title='bbox 698 2515 737 2582; x_wconf 92' lang='lat' dir='ltr'>de</span> <span class='ocrx_word' id='word_1_121' title='bbox 752 2515 926 2584; x_wconf 83' lang='lat' dir='ltr'>Adulatore</span> <span class='ocrx_word' id='word_1_122' title='bbox 942 2537 977 2582; x_wconf 89' lang='lat' dir='ltr'>ac</span> <span class='ocrx_word' id='word_1_123' title='bbox 993 2515 1148 2584; x_wconf 78' lang='lat' dir='ltr'>Prudente</span> <span class='ocrx_word' id='word_1_124' title='bbox 1164 2537 1258 2583; x_wconf 85' lang='lat' dir='ltr'>uxore</span> <span class='ocrx_word' id='word_1_125' title='bbox 1272 2517 1337 2603; x_wconf 87' lang='lat' dir='ltr'>jam</span> <span class='ocrx_word' id='word_1_126' title='bbox 1354 2516 1477 2583; x_wconf 92' lang='lat' dir='ltr'>mentio</span> 
     </span>
     <span class='ocr_line' id='line_1_17' title="bbox 310 2638 1478 2732; baseline 0.001 -25"><span class='ocrx_word' id='word_1_127' title='bbox 310 2638 391 2710; x_wconf 87' lang='lat' dir='ltr'>facta</span> <span class='ocrx_word' id='word_1_128' title='bbox 405 2659 465 2724; x_wconf 84' lang='lat' dir='ltr'>est3</span> <span class='ocrx_word' id='word_1_129' title='bbox 482 2643 516 2706; x_wconf 92' lang='lat' dir='ltr'>in</span> <span class='ocrx_word' id='word_1_130' title='bbox 532 2641 590 2708; x_wconf 89' lang='lat' dir='ltr'>hac</span> <span class='ocrx_word' id='word_1_131' title='bbox 609 2663 686 2710; x_wconf 85' lang='lat' dir='ltr'>vero</span> <span class='ocrx_word' id='word_1_132' title='bbox 705 2659 868 2732; x_wconf 89' lang='lat' dir='ltr'>postrema</span> <span class='ocrx_word' id='word_1_133' title='bbox 885 2640 991 2708; x_wconf 85' lang='lat' dir='ltr'>fabula</span> <span class='ocrx_word' id='word_1_134' title='bbox 1009 2639 1050 2709; x_wconf 90' lang='lat' dir='ltr'>de</span> <span class='ocrx_word' id='word_1_135' title='bbox 1069 2639 1228 2731; x_wconf 87' lang='lat' dir='ltr'>zelotypia</span> <span class='ocrx_word' id='word_1_136' title='bbox 1248 2642 1364 2729; x_wconf 86' lang='lat' dir='ltr'>agitur,</span> <span class='ocrx_word' id='word_1_137' title='bbox 1381 2663 1478 2731; x_wconf 89' lang='lat' dir='ltr'>quem</span> 
     </span>
     <span class='ocr_line' id='line_1_18' title="bbox 309 2760 1471 2854; baseline 0 -22"><span class='ocrx_word' id='word_1_138' title='bbox 309 2760 1471 2854; x_wconf 86' lang='lat' dir='ltr'>animiaffectumapoetanonvalidiusretractatumfuissedesideramus.</span> 
     </span>
     <span class='ocr_line' id='line_1_19' title="bbox 310 2890 1477 2983; baseline 0 -26"><span class='ocrx_word' id='word_1_139' title='bbox 310 2890 408 2957; x_wconf 86' lang='lat' dir='ltr'>Dives</span> <span class='ocrx_word' id='word_1_140' title='bbox 434 2908 543 2958; x_wconf 90' lang='lat' dir='ltr'>tamen</span> <span class='ocrx_word' id='word_1_141' title='bbox 564 2914 645 2959; x_wconf 89' lang='lat' dir='ltr'>vena</span> <span class='ocrx_word' id='word_1_142' title='bbox 664 2910 748 2975; x_wconf 89' lang='lat' dir='ltr'>erat,</span> <span class='ocrx_word' id='word_1_143' title='bbox 772 2891 948 2981; x_wconf 88' lang='lat' dir='ltr'>praesertim</span> <span class='ocrx_word' id='word_1_144' title='bbox 971 2915 1047 2959; x_wconf 90' lang='lat' dir='ltr'>cum</span> <span class='ocrx_word' id='word_1_145' title='bbox 1067 2913 1213 2983; x_wconf 87' lang='lat' dir='ltr'>personae</span> <span class='ocrx_word' id='word_1_146' title='bbox 1234 2893 1318 2958; x_wconf 90' lang='lat' dir='ltr'>inter</span> <span class='ocrx_word' id='word_1_147' title='bbox 1342 2891 1477 2958; x_wconf 87' lang='lat' dir='ltr'>civitatis</span> 
     </span>
     <span class='ocr_line' id='line_1_20' title="bbox 309 3014 1476 3108; baseline -0.001 -25"><span class='ocrx_word' id='word_1_148' title='bbox 309 3015 480 3106; x_wconf 83' lang='lat' dir='ltr'>optimates</span> <span class='ocrx_word' id='word_1_149' title='bbox 498 3014 703 3105; x_wconf 86' lang='lat' dir='ltr'>eligerentur.</span> <span class='ocrx_word' id='word_1_150' title='bbox 726 3017 798 3108; x_wconf 87' lang='lat' dir='ltr'>Ipse</span> <span class='ocrx_word' id='word_1_151' title='bbox 813 3019 901 3085; x_wconf 91' lang='lat' dir='ltr'>enim</span> <span class='ocrx_word' id='word_1_152' title='bbox 917 3015 1142 3085; x_wconf 86' lang='lat' dir='ltr'>animadvertit</span> <span class='ocrx_word' id='word_1_153' title='bbox 1157 3018 1192 3084; x_wconf 93' lang='lat' dir='ltr'>in</span> <span class='ocrx_word' id='word_1_154' title='bbox 1211 3017 1375 3106; x_wconf 88' lang='lat' dir='ltr'>prooemio</span> <span class='ocrx_word' id='word_1_155' title='bbox 1396 3014 1476 3084; x_wconf 92' lang='lat' dir='ltr'>Gol-</span> 
     </span>
     <span class='ocr_line' id='line_1_21' title="bbox 309 3123 1478 3232; baseline 0 -25"><span class='ocrx_word' id='word_1_156' title='bbox 309 3139 425 3208; x_wconf 91' lang='lat' dir='ltr'>donius</span> <span class='ocrx_word' id='word_1_157' title='bbox 445 3139 532 3228; x_wconf 84' lang='lat' dir='ltr'>vulgi</span> <span class='ocrx_word' id='word_1_158' title='bbox 548 3138 697 3208; x_wconf 90' lang='lat' dir='ltr'>homines</span> <span class='ocrx_word' id='word_1_159' title='bbox 717 3142 859 3210; x_wconf 89' lang='lat' dir='ltr'>sinceros</span> <span class='ocrx_word' id='word_1_160' title='bbox 876 3165 912 3209; x_wconf 90' lang='lat' dir='ltr'>ac</span> <span class='ocrx_word' id='word_1_161' title='bbox 932 3140 1054 3210; x_wconf 88' lang='lat' dir='ltr'>feroces</span> <span class='ocrx_word' id='word_1_162' title='bbox 1073 3123 1243 3231; x_wconf 78' lang='lat' dir='ltr'>zelotypiae</span> <span class='ocrx_word' id='word_1_163' title='bbox 1265 3143 1334 3209; x_wconf 91' lang='lat' dir='ltr'>sine</span> <span class='ocrx_word' id='word_1_164' title='bbox 1355 3141 1478 3232; x_wconf 90' lang='lat' dir='ltr'>pudore</span> 
     </span>
     <span class='ocr_line' id='line_1_22' title="bbox 309 3263 1478 3357; baseline -0.001 -25"><span class='ocrx_word' id='word_1_165' title='bbox 309 3263 436 3348; x_wconf 89' lang='lat' dir='ltr'>cedere,</span> <span class='ocrx_word' id='word_1_166' title='bbox 461 3288 536 3333; x_wconf 91' lang='lat' dir='ltr'>cum</span> <span class='ocrx_word' id='word_1_167' title='bbox 561 3265 719 3334; x_wconf 91' lang='lat' dir='ltr'>nobiliore</span> <span class='ocrx_word' id='word_1_168' title='bbox 742 3265 815 3335; x_wconf 94' lang='lat' dir='ltr'>loco</span> <span class='ocrx_word' id='word_1_169' title='bbox 842 3269 906 3335; x_wconf 91' lang='lat' dir='ltr'>otti</span> <span class='ocrx_word' id='word_1_170' title='bbox 930 3265 1038 3335; x_wconf 89' lang='lat' dir='ltr'>decori</span> <span class='ocrx_word' id='word_1_171' title='bbox 1064 3269 1166 3357; x_wconf 87' lang='lat' dir='ltr'>magis</span> <span class='ocrx_word' id='word_1_172' title='bbox 1191 3284 1322 3355; x_wconf 83' lang='lat' dir='ltr'>parcant</span> <span class='ocrx_word' id='word_1_173' title='bbox 1346 3266 1478 3334; x_wconf 89' lang='lat' dir='ltr'>urbani-</span> 
     </span>
     <span class='ocr_line' id='line_1_23' title="bbox 309 3389 1478 3482; baseline -0.001 -23"><span class='ocrx_word' id='word_1_174' title='bbox 309 3391 446 3482; x_wconf 90' lang='lat' dir='ltr'>tatisque</span> <span class='ocrx_word' id='word_1_175' title='bbox 468 3389 591 3479; x_wconf 87' lang='lat' dir='ltr'>legibus</span> <span class='ocrx_word' id='word_1_176' title='bbox 610 3404 801 3474; x_wconf 82' lang='lat' dir='ltr'>vexentur2,</span> <span class='ocrx_word' id='word_1_177' title='bbox 823 3392 876 3460; x_wconf 91' lang='lat' dir='ltr'>tali</span> <span class='ocrx_word' id='word_1_178' title='bbox 892 3392 1103 3481; x_wconf 84' lang='lat' dir='ltr'>discrepantia</span> <span class='ocrx_word' id='word_1_179' title='bbox 1122 3393 1187 3460; x_wconf 89' lang='lat' dir='ltr'>risu</span> <span class='ocrx_word' id='word_1_180' title='bbox 1207 3393 1358 3459; x_wconf 84' lang='lat' dir='ltr'>excitato.</span> <span class='ocrx_word' id='word_1_181' title='bbox 1378 3392 1478 3458; x_wconf 89' lang='lat' dir='ltr'>Poeta</span> 
     </span>
     <span class='ocr_line' id='line_1_24' title="bbox 309 3515 1516 3604; baseline 0 -23"><span class='ocrx_word' id='word_1_182' title='bbox 309 3515 406 3604; x_wconf 82' lang='lat' dir='ltr'>igitur</span> <span class='ocrx_word' id='word_1_183' title='bbox 427 3538 502 3586; x_wconf 90' lang='lat' dir='ltr'>vere</span> <span class='ocrx_word' id='word_1_184' title='bbox 525 3517 666 3584; x_wconf 88' lang='lat' dir='ltr'>comicus</span> <span class='ocrx_word' id='word_1_185' title='bbox 686 3537 753 3585; x_wconf 86' lang='lat' dir='ltr'>tam</span> <span class='ocrx_word' id='word_1_186' title='bbox 773 3517 994 3586; x_wconf 90' lang='lat' dir='ltr'>abundantem</span> <span class='ocrx_word' id='word_1_187' title='bbox 1013 3515 1136 3584; x_wconf 88' lang='lat' dir='ltr'>ridiculi</span> <span class='ocrx_word' id='word_1_188' title='bbox 1159 3516 1288 3584; x_wconf 88' lang='lat' dir='ltr'>fontem</span> <span class='ocrx_word' id='word_1_189' title='bbox 1312 3515 1478 3582; x_wconf 85' lang='lat' dir='ltr'>exhaurire</span> <span class='ocrx_word' id='word_1_190' title='bbox 1515 3567 1516 3570; x_wconf 63' lang='lat'>,</span> 
     </span>
     <span class='ocr_line' id='line_1_25' title="bbox 310 3639 1477 3732; baseline 0 -26"><span class='ocrx_word' id='word_1_191' title='bbox 310 3662 378 3707; x_wconf 91' lang='lat' dir='ltr'>non</span> <span class='ocrx_word' id='word_1_192' title='bbox 398 3642 577 3726; x_wconf 82' lang='lat' dir='ltr'>omisisset3</span> <span class='ocrx_word' id='word_1_193' title='bbox 598 3640 721 3711; x_wconf 81' lang='lat' dir='ltr'>felicior</span> <span class='ocrx_word' id='word_1_194' title='bbox 740 3661 849 3711; x_wconf 88' lang='lat' dir='ltr'>autem</span> <span class='ocrx_word' id='word_1_195' title='bbox 872 3644 1041 3732; x_wconf 91' lang='lat' dir='ltr'>proposito</span> <span class='ocrx_word' id='word_1_196' title='bbox 1061 3664 1159 3732; x_wconf 87' lang='lat' dir='ltr'>quam</span> <span class='ocrx_word' id='word_1_197' title='bbox 1178 3639 1294 3710; x_wconf 91' lang='lat' dir='ltr'>effectu</span> <span class='ocrx_word' id='word_1_198' title='bbox 1316 3639 1377 3708; x_wconf 87' lang='lat' dir='ltr'>luit</span> <span class='ocrx_word' id='word_1_199' title='bbox 1399 3640 1477 3707; x_wconf 90' lang='lat' dir='ltr'>Gol-</span> 
     </span>
     <span class='ocr_line' id='line_1_26' title="bbox 309 3743 1478 3868; baseline 0 -37"><span class='ocrx_word' id='word_1_200' title='bbox 309 3763 440 3849; x_wconf 93' lang='lat' dir='ltr'>donius,</span> <span class='ocrx_word' id='word_1_201' title='bbox 458 3766 513 3855; x_wconf 91' lang='lat' dir='ltr'>qui</span> <span class='ocrx_word' id='word_1_202' title='bbox 534 3769 702 3868; x_wconf 78' lang='lat' dir='ltr'>materiam</span> <span class='ocrx_word' id='word_1_203' title='bbox 720 3769 774 3835; x_wconf 86' lang='lat' dir='ltr'>vix</span> <span class='ocrx_word' id='word_1_204' title='bbox 797 3786 954 3836; x_wconf 87' lang='lat' dir='ltr'>tentatam</span> <span class='ocrx_word' id='word_1_205' title='bbox 969 3766 1111 3858; x_wconf 89' lang='lat' dir='ltr'>reliquit,</span> <span class='ocrx_word' id='word_1_206' title='bbox 1129 3765 1251 3835; x_wconf 90' lang='lat' dir='ltr'>nedum</span> <span class='ocrx_word' id='word_1_207' title='bbox 1265 3789 1336 3834; x_wconf 85' lang='lat' dir='ltr'>eam</span> <span class='ocrx_word' id='word_1_208' title='bbox 1351 3743 1478 3856; x_wconf 84' lang='lat' dir='ltr'>penitus</span> 
     </span>
     <span class='ocr_line' id='line_1_27' title="bbox 309 3887 473 3958; baseline 0 -2"><span class='ocrx_word' id='word_1_209' title='bbox 309 3887 473 3958; x_wconf 89' lang='lat' dir='ltr'>effoderet.</span> 
     </span>
    </p>
   </div>
   <div class='ocr_carea' id='block_1_3' title="bbox 356 4013 1475 4104">
    <p class='ocr_par' dir='ltr' id='par_1_5' title="bbox 356 4013 1475 4104">
     <span class='ocr_line' id='line_1_28' title="bbox 356 4013 1475 4104; baseline 0 -22"><span class='ocrx_word' id='word_1_210' title='bbox 356 4013 561 4104; x_wconf 76' lang='lat' dir='ltr'>Garrulum³,</span> <span class='ocrx_word' id='word_1_211' title='bbox 588 4035 715 4086; x_wconf 88' lang='lat' dir='ltr'>tantum</span> <span class='ocrx_word' id='word_1_212' title='bbox 746 4037 781 4086; x_wconf 93' lang='lat' dir='ltr'>ut</span> <span class='ocrx_word' id='word_1_213' title='bbox 812 4020 936 4086; x_wconf 89' lang='lat' dir='ltr'>mentio</span> <span class='ocrx_word' id='word_1_214' title='bbox 964 4041 1033 4087; x_wconf 90' lang='lat' dir='ltr'>non</span> <span class='ocrx_word' id='word_1_215' title='bbox 1063 4018 1247 4104; x_wconf 89' lang='lat' dir='ltr'>omittatur,</span> <span class='ocrx_word' id='word_1_216' title='bbox 1275 4015 1475 4098; x_wconf 89' lang='lat' dir='ltr'>memorab0,</span> 
     </span>
    </p>
   </div>
   <div class='ocr_carea' id='block_1_4' title="bbox 347 4269 1150 4354">
    <p class='ocr_par' dir='ltr' id='par_1_6' title="bbox 347 4269 1150 4354">
     <span class='ocr_line' id='line_1_29' title="bbox 347 4269 1150 4354; baseline 0.005 -22"><span class='ocrx_word' id='word_1_217' title='bbox 347 4269 369 4336; x_wconf 80' lang='lat' dir='ltr'>l.</span> <span class='ocrx_word' id='word_1_218' title='bbox 391 4279 429 4333; x_wconf 87' lang='lat' dir='ltr'>Lu</span> <span class='ocrx_word' id='word_1_219' title='bbox 438 4277 563 4351; x_wconf 79' lang='lat' dir='ltr'>fumiglia</span> <span class='ocrx_word' id='word_1_220' title='bbox 577 4279 784 4354; x_wconf 78' lang='lat' dir='ltr'>dell&#39;antiquario</span> <span class='ocrx_word' id='word_1_221' title='bbox 801 4299 818 4337; x_wconf 96' lang='lat' dir='ltr'>o</span> <span class='ocrx_word' id='word_1_222' title='bbox 833 4283 871 4337; x_wconf 87' lang='lat' dir='ltr'>La</span> <span class='ocrx_word' id='word_1_223' title='bbox 884 4299 984 4337; x_wconf 78' lang='lat' dir='ltr'>suoccra</span> <span class='ocrx_word' id='word_1_224' title='bbox 998 4300 1010 4334; x_wconf 86' lang='grc' dir='ltr'><em>ι</em></span> <span class='ocrx_word' id='word_1_225' title='bbox 1023 4281 1049 4336; x_wconf 83' lang='lat' dir='ltr'>lu</span> <span class='ocrx_word' id='word_1_226' title='bbox 1063 4298 1150 4336; x_wconf 84' lang='lat' dir='ltr'>nuoru.</span> 
     </span>
    </p>
   </div>
   <div class='ocr_carea' id='block_1_5' title="bbox 305 4393 1476 4734">
    <p class='ocr_par' dir='ltr' id='par_1_7' title="bbox 305 4393 1476 4734">
     <span class='ocr_line' id='line_1_30' title="bbox 343 4393 1476 4469; baseline -0.001 -22"><span class='ocrx_word' id='word_1_227' title='bbox 343 4409 368 4450; x_wconf 87' lang='lat'>2.</span> <span class='ocrx_word' id='word_1_228' title='bbox 385 4393 514 4449; x_wconf 86' lang='lat' dir='ltr'>Mulierus</span> <span class='ocrx_word' id='word_1_229' title='bbox 530 4395 626 4466; x_wconf 84' lang='lat' dir='ltr'>ipsein</span> <span class='ocrx_word' id='word_1_230' title='bbox 642 4413 689 4450; x_wconf 90' lang='lat' dir='ltr'>sua</span> <span class='ocrx_word' id='word_1_231' title='bbox 703 4397 817 4450; x_wconf 86' lang='lat' dir='ltr'>Uxorum</span> <span class='ocrx_word' id='word_1_232' title='bbox 830 4397 911 4450; x_wconf 79' lang='lat' dir='ltr'>schola</span> <span class='ocrx_word' id='word_1_233' title='bbox 926 4399 1059 4451; x_wconf 77' lang='lat' dir='ltr'>furiosum</span> <span class='ocrx_word' id='word_1_234' title='bbox 1074 4399 1259 4469; x_wconf 88' lang='lat' dir='ltr'>potiusquam</span> <span class='ocrx_word' id='word_1_235' title='bbox 1276 4395 1400 4450; x_wconf 83' lang='lat' dir='ltr'>affectum</span> <span class='ocrx_word' id='word_1_236' title='bbox 1413 4409 1476 4448; x_wconf 82' lang='lat' dir='ltr'>ton·-</span> 
     </span>
     <span class='ocr_line' id='line_1_31' title="bbox 308 4483 1475 4558; baseline 0.002 -24"><span class='ocrx_word' id='word_1_237' title='bbox 308 4483 392 4537; x_wconf 84' lang='lat' dir='ltr'>tinere</span> <span class='ocrx_word' id='word_1_238' title='bbox 406 4495 550 4540; x_wconf 86' lang='lat' dir='ltr'>conantem</span> <span class='ocrx_word' id='word_1_239' title='bbox 565 4484 721 4558; x_wconf 89' lang='lat' dir='ltr'>zelotypum</span> <span class='ocrx_word' id='word_1_240' title='bbox 736 4485 879 4539; x_wconf 89' lang='lat' dir='ltr'>hominem</span> <span class='ocrx_word' id='word_1_241' title='bbox 900 4487 1033 4551; x_wconf 83' lang='lat' dir='ltr'>ostendit;</span> <span class='ocrx_word' id='word_1_242' title='bbox 1054 4485 1178 4557; x_wconf 84' lang='lat' dir='ltr'>exemplo</span> <span class='ocrx_word' id='word_1_243' title='bbox 1193 4484 1291 4540; x_wconf 90' lang='lat' dir='ltr'>melior</span> <span class='ocrx_word' id='word_1_244' title='bbox 1309 4485 1339 4538; x_wconf 88' lang='lat' dir='ltr'>fit</span> <span class='ocrx_word' id='word_1_245' title='bbox 1355 4485 1475 4538; x_wconf 86' lang='lat' dir='ltr'>Alcestes</span> 
     </span>
     <span class='ocr_line' id='line_1_32' title="bbox 308 4570 1476 4644; baseline 0.001 -21"><span class='ocrx_word' id='word_1_246' title='bbox 308 4573 335 4624; x_wconf 92' lang='lat' dir='ltr'>in</span> <span class='ocrx_word' id='word_1_247' title='bbox 358 4570 546 4643; x_wconf 82' lang='grc' dir='ltr'>Μισανθρώπῳ.</span> <span class='ocrx_word' id='word_1_248' title='bbox 571 4574 640 4628; x_wconf 90' lang='lat' dir='ltr'>Rem</span> <span class='ocrx_word' id='word_1_249' title='bbox 664 4575 833 4644; x_wconf 88' lang='lat' dir='ltr'>praesensisse</span> <span class='ocrx_word' id='word_1_250' title='bbox 852 4575 956 4628; x_wconf 87' lang='lat' dir='ltr'>videtur</span> <span class='ocrx_word' id='word_1_251' title='bbox 980 4577 1018 4629; x_wconf 89' lang='lat' dir='ltr'>La</span> <span class='ocrx_word' id='word_1_252' title='bbox 1043 4574 1190 4640; x_wconf 84' lang='lat' dir='ltr'>Chausse&#39;e,</span> <span class='ocrx_word' id='word_1_253' title='bbox 1212 4591 1259 4627; x_wconf 88' lang='lat' dir='ltr'>nec</span> <span class='ocrx_word' id='word_1_254' title='bbox 1279 4586 1370 4627; x_wconf 83' lang='lat' dir='ltr'>tamen</span> <span class='ocrx_word' id='word_1_255' title='bbox 1390 4571 1476 4626; x_wconf 91' lang='lat' dir='ltr'>multo</span> 
     </span>
     <span class='ocr_line' id='line_1_33' title="bbox 305 4657 1022 4734; baseline 0.007 -23"><span class='ocrx_word' id='word_1_256' title='bbox 305 4657 410 4714; x_wconf 79' lang='lat' dir='ltr'>felicior</span> <span class='ocrx_word' id='word_1_257' title='bbox 425 4662 453 4714; x_wconf 90' lang='lat' dir='ltr'>iu</span> <span class='ocrx_word' id='word_1_258' title='bbox 471 4661 507 4715; x_wconf 80' lang='lat' dir='ltr'>Le</span> <span class='ocrx_word' id='word_1_259' title='bbox 524 4661 635 4734; x_wconf 74' lang='lat' dir='ltr'>Prljugl</span> <span class='ocrx_word' id='word_1_260' title='bbox 654 4664 670 4717; x_wconf 78' lang='lat' dir='ltr'>d</span> <span class='ocrx_word' id='word_1_261' title='bbox 688 4663 713 4715; x_wconf 87' lang='lat' dir='ltr'>lu</span> <span class='ocrx_word' id='word_1_262' title='bbox 728 4663 796 4716; x_wconf 81' lang='lat' dir='ltr'>mode</span> <span class='ocrx_word' id='word_1_263' title='bbox 812 4662 951 4718; x_wconf 90' lang='lat' dir='ltr'>Goldonio</span> <span class='ocrx_word' id='word_1_264' title='bbox 966 4664 1022 4717; x_wconf 83' lang='lat' dir='ltr'>luit.</span> 
     </span>
    </p>
   </div>
   <div class='ocr_carea' id='block_1_6' title="bbox 306 4776 1036 4850">
    <p class='ocr_par' dir='ltr' id='par_1_8' title="bbox 306 4776 1036 4850">
     <span class='ocr_line' id='line_1_34' title="bbox 306 4776 1036 4850; baseline 0.003 -18"><span class='ocrx_word' id='word_1_265' title='bbox 306 4811 308 4820; x_wconf 42' lang='grc' dir='ltr'>ν</span> <span class='ocrx_word' id='word_1_266' title='bbox 345 4793 368 4848; x_wconf 84' lang='lat'>3.</span> <span class='ocrx_word' id='word_1_267' title='bbox 389 4776 415 4831; x_wconf 87' lang='lat' dir='ltr'>ll</span> <span class='ocrx_word' id='word_1_268' title='bbox 423 4784 600 4850; x_wconf 77' lang='lat' dir='ltr'>contrattcmpo</span> <span class='ocrx_word' id='word_1_269' title='bbox 615 4795 632 4832; x_wconf 91' lang='grc' dir='ltr'>ο</span> <span class='ocrx_word' id='word_1_270' title='bbox 647 4778 672 4832; x_wconf 84' lang='lat' dir='ltr'>ll</span> <span class='ocrx_word' id='word_1_271' title='bbox 684 4778 857 4833; x_wconf 78' lang='lat' dir='ltr'>chiacchcroue</span> <span class='ocrx_word' id='word_1_272' title='bbox 872 4780 1036 4850; x_wconf 76' lang='lat' dir='ltr'>imprudente.</span> 
     </span>
    </p>
   </div>
   <div class='ocr_carea' id='block_1_7' title="bbox 0 0 1804 5682">
    <p class='ocr_par' dir='ltr' id='par_1_9' title="bbox 0 0 1804 5682">
     <span class='ocr_line' id='line_1_35' title="bbox 0 0 1804 5682; baseline 0 0"><span class='ocrx_word' id='word_1_273' title='bbox 0 0 1804 5682; x_wconf 95' lang='lat' dir='ltr'> </span> 
     </span>
    </p>
   </div>
  </div>
 </body>
</html>
