3588 5680
428 659 506 715 QUAE
530 658 607 706 SINT
631 657 811 705 PRAECIPUAE
835 657 1069 706 GOLDONIANAE
1096 658 1267 706 PERSONAE.
1392 660 1429 726 95

265 796 369 865 vetula
391 795 597 885 Gandolpha,
619 794 895 878 animadvertitur,
912 820 984 888 quae
1006 797 1163 888 aequalem
1179 819 1274 864 suum
1297 797 1432 864 Pancra-

265 923 346 988 tium
363 937 526 988 amantem
545 919 653 1004 habet,
676 943 861 1010 quanquam
880 919 978 986 ambo
996 937 1129 987 centum
1149 937 1181 987 et
1201 921 1432 1010 quinquaginta

264 1067 367 1112 annos
386 1043 511 1113 additos
530 1060 713 1111 numerant.
734 1044 953 1112 Tricesimum
971 1045 1036 1130 jam
1059 1066 1183 1111 annum
1204 1061 1236 1110 et
1253 1043 1336 1111 ultra
1348 1045 1433 1112 inter

264 1191 332 1236 sese
346 1187 468 1251 amant,
485 1185 516 1235 et
532 1168 606 1235 licet
618 1166 681 1235 illis
696 1169 767 1234 cani
780 1169 846 1234 sint
860 1166 976 1256 capilli,
994 1167 1141 1256 quamvis
1161 1167 1315 1256 epiphora
1337 1165 1432 1235 rheu·

264 1293 479 1382 matismoque
505 1290 671 1372 laborent,
699 1289 839 1381 juvenile
867 1291 995 1380 utrique
1018 1313 1144 1380 semper
1168 1307 1298 1379 pectus,
1328 1314 1432 1380 neque

264 1419 360 1484 etiam
373 1416 531 1505 zelotypia
545 1439 675 1502 carens3
694 1415 837 1508 dumque
852 1414 930 1483 alter
945 1416 1035 1483 alteri
1049 1415 1187 1504 optimas
1204 1414 1243 1482 ad
1261 1414 1432 1483 valendum

265 1539 387 1629 pillulas
401 1538 621 1621 commendat,
639 1538 803 1607 interdum
817 1539 1056 1628 praeteritorum
1072 1559 1223 1606 amorum
1240 1538 1431 1605 memoriam

265 1681 417 1732 revocant
434 1686 564 1754 ‚eosque
585 1686 739 1731 renovare
763 1665 861 1730 etiam
885 1680 1023 1730 tentant.
1054 1663 1275 1729 Vetustiorem
1302 1662 1431 1752 quidem

265 1789 323 1857 sibi
337 1788 541 1855 Pancratium
558 1789 718 1855 existimat
736 1786 930 1876 Gandolpha
944 1806 1058 1877 atque,
1078 1804 1114 1853 ut
1129 1809 1292 1854 annorum
1305 1809 1432 1854 summa

264 1916 441 1996 minuatur,
458 1935 526 1980 non
540 1911 585 1980 illi
604 1915 724 2001 conjux
746 1911 910 2000 displiceat
924 1911 1110 1979 adulescens
1126 1911 1272 2003 quidam,
1298 1911 1432 2002 quive·

264 2037 366 2105 tulam
379 2037 480 2118 fovet,
496 2060 570 2104 cum
586 2035 737 2104 ultimum
757 2059 861 2104 assem
877 2034 954 2102 aleis
967 2033 1115 2124 perdidit.

209 2219 211 2222 .
308 2161 475 2231 Omnibus
496 2184 572 2229 vero
591 2159 781 2228 mulieribus
801 2159 971 2249 populares
991 2183 1076 2243 suas,
1094 2182 1166 2250 quae
1180 2159 1330 2226 Venetias
1347 2158 1431 2225 cole·

263 2288 352 2370 bant,
370 2285 586 2376 anteponebat
602 2283 786 2353 Goldonius
806 2306 922 2375 easque
948 2286 1121 2372 saepissime
1141 2285 1267 2372 magnis
1285 2282 1432 2352 laudibus

265 2410 388 2479 extulit.
410 2410 560 2493 Quarum
583 2411 733 2496 gratiam,
757 2410 874 2476 mentis
892 2430 1043 2491 acumen,
1069 2406 1213 2496 placendi
1232 2405 1430 2495 cupidinem,

265 2534 398 2602 hilarem
414 2531 602 2622 facilemque
618 2532 764 2600 animum
780 2532 942 2620 praedicat,
959 2555 1036 2621 quas
1050 2531 1157 2611 dotes,
1171 2549 1285 2598 veneta
1295 2531 1431 2598 dialecto

264 2675 370 2738 utens,
386 2657 485 2725 verbo
502 2681 509 2724 :
529 2683 545 2720 <‹
563 2655 754 2724 morbinoso
772 2681 788 2720 a
807 2657 964 2743 designat.
985 2655 1103 2721 Earum
1127 2673 1236 2720 autem
1261 2671 1292 2724 et
1311 2653 1431 2742 pudici-

264 2782 341 2850 tiam
365 2780 491 2863 laudat,
518 2804 594 2848 nam
619 2799 703 2848 caste
724 2779 958 2870 liberaliterque
981 2801 1014 2844 se
1035 2778 1216 2859 oblectant,
1239 2800 1315 2843 cum
1337 2775 1430 2844 larvis

262 2906 415 2995 festisque
429 2903 541 2973 diebus
557 2905 698 2972 multum
713 2905 817 2988 liceat,
829 2927 877 2985 ac,
890 2904 916 2970 si
930 2901 969 2970 de
986 2902 1161 2991 peregrinis
1178 2900 1282 2969 rident
1294 2913 1318 2986 ¹,
1332 2900 1366 2968 id
1383 2919 1430 2968 est

261 3028 303 3096 de
317 3027 417 3111 Italis,
433 3030 537 3118 quiin
554 3031 676 3096 venetis
689 3030 863 3118 provinciis
881 3029 945 3095 nati
963 3050 1031 3094 non
1047 3043 1136 3108 sunt,
1154 3044 1263 3095 tantus
1280 3042 1328 3093 est
1342 3027 1430 3114 joco·

264 3176 337 3221 rum
351 3152 454 3242 lepos,
466 3176 532 3220 tam
544 3151 749 3243 dulciloquus
764 3175 885 3232 sermo,
903 3155 957 3242 qui
977 3153 1122 3218 virorum
1140 3153 1174 3218 in
1193 3173 1250 3218 ore
1265 3148 1431 3217 interdum

263 3277 392 3366 puerilis
406 3301 441 3345 ac
458 3277 608 3346 ridiculus
629 3277 766 3363 videtur,
788 3296 825 3344 ut
844 3277 1037 3344 severissimi
1056 3299 1206 3343 censores
1225 3276 1353 3342 veniam
1371 3275 1431 3341 illis

263 3423 379 3490 negare
396 3425 464 3469 non
480 3403 616 3491 possint.
634 3402 707 3490 Ipse
723 3403 810 3468 enim
823 3419 919 3489 poeta
933 3400 1047 3467 fatetur
1063 3423 1097 3466 se
1116 3399 1179 3466 hoc
1198 3397 1299 3465 modo
1320 3397 1432 3464 callide

263 3549 282 3594 a
302 3527 535 3614 spectatoribus
553 3528 687 3611 cavisse,
712 3550 788 3593 nam
808 3526 996 3593 mulieribus
1018 3523 1231 3604 blandiendo,
1253 3540 1289 3590 ut
1312 3524 1372 3604 ait,
1400 3538 1430 3588 et

265 3651 339 3718 viris
354 3652 497 3740 placetur
507 3663 531 3718 ².

762 3923 803 3964 DE
826 3921 933 3966 trram.

309 4122 464 4211 Exceptio
485 4140 593 4188 tamen
615 4117 757 4188 notanda
772 4118 860 4208 quod
885 4118 923 4186 ad
948 4121 1064 4186 mimas
1087 4120 1238 4208 pertinet,
1255 4119 1294 4188 de
1316 4121 1431 4212 quibus

266 4247 433 4318 Goldonio
452 4245 594 4313 multum
619 4243 821 4333 querendum
845 4264 929 4325 erat,
950 4267 1026 4312 nam
1050 4269 1122 4335 quae
1143 4244 1264 4333 populo
1290 4247 1431 4311 maxime

264 4373 432 4464 placebant
447 4392 521 4436 eum
537 4370 713 4456 praesertim
723 4368 853 4435 libidine
868 4368 1125 4460 frequentissime
1140 4369 1326 4455 fatigabant.
1340 4369 1430 4436 Una³

265 4519 476 4533 --——-

303 4621 325 4662 1.
347 4605 383 4658 Le
395 4603 543 4658 marbinose.

300 4719 325 4760 2.
347 4703 493 4766 Me'moires,
508 4713 526 4757 t.
543 4700 580 4767 ll,
596 4716 622 4770 p.
640 4715 701 4771 32¹·

303 4817 325 4870 3.
347 4800 409 4854 Mme
423 4797 561 4854 Medebac.
578 4796 641 4852 Vid.
658 4797 803 4860 Mlmoires,
817 4810 835 4853 t.
853 4797 888 4862 Il,
905 4813 930 4866 p.
949 4811 991 4868 79.
