3600 5682
345 653 388 738 48
528 667 572 714 DE
597 667 780 714 GOLDONIO
805 667 947 715 ITALlCAE
972 667 1091 714 SCAENAE
1116 665 1339 714 CORRECTORE

346 808 467 898 placet3
499 809 524 874 si
555 805 645 874 dorni
673 824 842 890 manetur,
872 805 1004 874 domina
1030 808 1096 894 ipsa
1125 809 1257 896 ejusque
1282 804 1377 871 antici
1404 801 1514 871 oblec-

345 932 433 1002 tandi
452 951 548 1015 sunt;
567 929 643 999 curn
666 929 800 1016 luditur,
823 929 917 999 multi
940 931 1068 999 nummi
1087 929 1163 998 aleis
1182 927 1410 998 committendi
1426 947 1472 1010 ea,
1487 927 1513 994 si

346 1081 415 1127 sors
438 1057 610 1139 contraria,
636 1055 790 1148 quidquid
816 1052 989 1145 perdiderit
1010 1054 1200 1124 muliercula
1224 1053 1418 1122 solvendum
1442 1070 1510 1135 est3

346 1202 419 1251 ante
435 1182 544 1250 omnia
566 1201 597 1249 et
617 1181 716 1249 servis
734 1180 1105 1272 attendendumeosque
1124 1177 1375 1269 objurgandum,
1392 1179 1421 1246 si
1436 1175 1513 1269 quid

346 1307 549 1398 deliquerint.
577 1307 628 1374 De
652 1305 701 1374 his
725 1306 868 1374 minimis
892 1307 979 1374 enim
1008 1305 1139 1374 curandi
1168 1329 1273 1398 neque
1302 1305 1425 1384 otium,
1454 1325 1513 1370 nec

346 1431 490 1501 studium
505 1429 735 1522 patrifamilias,
751 1432 806 1523 qui
822 1431 965 1522 proprias
979 1454 1028 1498 res
1043 1454 1103 1520 pro
1117 1450 1207 1520 parte
1221 1453 1277 1498 sua
1292 1430 1385 1517 gerit.
1400 1429 1512 1511 Quan-

346 1558 531 1646 documque
545 1556 640 1624 amici
653 1556 836 1638 visitantur,
847 1554 1027 1624 naturalem
1042 1578 1098 1644 pat
1112 1556 1246 1646 quisque
1261 1553 1410 1622 ordinem
1424 1575 1513 1620 corn·

347 1699 451 1749 mutat
469 1707 475 1749 :
500 1681 634 1748 maritus
659 1680 846 1761 mulierem,
866 1681 917 1747 cui
939 1681 1052 1763 servit,
1074 1678 1180 1764 ducit,
1201 1678 1322 1770 illoque
1343 1697 1511 1769 praesente,

348 1829 483 1874 uxorem
500 1832 516 1870 «
529 1803 666 1874 cicisbeo
679 1832 695 1868 a
706 1817 727 1871 ¹.
744 1804 845 1872 Alteri
859 1822 967 1874 autem
982 1823 1097 1874 neuter
1111 1804 1233 1872 invidet
1242 1831 1252 1888 ;
1268 1803 1386 1892 gaudet
1401 1821 1513 1872 contra

348 1954 429 1999 uxor
445 1932 599 1998 maritum
612 1929 741 1999 feminae
761 1929 813 1998 alii
831 1928 967 2020 placere,
982 1930 1062 1999 dunt
1081 1931 1148 2020 ipse
1169 1929 1348 2019 permultos
1369 1946 1514 1997 amantes

347 2056 493 2143 conjugis
507 2078 572 2123 suae
587 2071 755 2123 venustate
768 2053 883 2122 adduci
897 2055 1093 2145 retinerique
1107 2055 1254 2122 miratur.

390 2181 639 2270 Nonnunquam
660 2199 768 2248 tamen
790 2181 958 2248 severioris
976 2179 1093 2248 indolis
1113 2180 1262 2248 homines
1283 2180 1439 2261 invenias,
1458 2179 1512 2270 qui

347 2303 461 2373 talibus
475 2303 684 2374 offenduntur
698 2304 856 2386 moribus,
872 2323 908 2372 ut
931 2305 965 2371 in
983 2305 1138 2374 Prudente
1161 2315 1276 2373 nxore²
1298 2326 1428 2372 cernere
1451 2322 1509 2370 est.

347 2431 534 2520 Conjugern
555 2453 740 2522 quanquam
757 2456 773 2494 n
792 2430 864 2497 don
876 2429 1021 2499 Robetto
1036 2457 1052 2493 n
1073 2449 1172 2513 amat,
1188 2429 1285 2512 hanc,
1301 2452 1343 2496 ne
1359 2428 1511 2509 rideatur,

346 2556 556 2625 servientibus
574 2577 679 2623 catere
700 2579 768 2623 non
790 2555 878 2638 sinit,
901 2578 1041 2645 cumque
1062 2554 1193 2640 adsunt,
1215 2554 1356 2644 prudens
1379 2553 1511 2636 recedit,

347 2680 447 2749 libero
466 2680 542 2748 dato
564 2681 685 2769 spati03
707 2705 745 2748 ex
760 2682 930 2769 inopinato
945 2698 1055 2748 autem
1070 2678 1165 2763 redit,
1182 2703 1240 2747 nec
1255 2683 1373 2769 justam
1388 2701 1513 2767 semper

346 2807 554 2894 impatientiae
568 2829 697 2873 causam
712 2805 918 2896 quaerendum
933 2823 1022 2874 curat
1030 2833 1040 2892 ;
1058 2805 1163 2896 plures
1178 2824 1286 2873 tamen
1297 2828 1394 2897 quarn
1409 2826 1512 2871 unum

348 2930 455 2998 adesse
466 2929 603 3021 praefert,
616 2929 716 2998 alium
730 2931 796 2999 aliis
806 2929 1008 2999 offensurum
1019 2955 1087 3000 non
1101 2930 1198 2999 stulte
1213 2931 1409 2998 existimans.
1423 2929 1513 2996 Uxo·
1597 2999 1599 3004 ,

348 3078 416 3122 rem
441 3079 475 3123 se
497 3079 591 3124 curru
614 3058 846 3125 comitaturum
865 3077 974 3145 negat,
998 3059 1047 3125 sin
1071 3075 1180 3124 autem
1201 3055 1367 3147 paululum
1387 3077 1512 3145 exspec-

348 3198 413 3247 tata
442 3200 605 3268 moratur,
642 3204 711 3249 rem
738 3203 823 3270 aegre
848 3180 971 3267 serens,
1000 3205 1186 3250 sermonem
1219 3181 1328 3249 audire
1361 3203 1421 3248 nec
1449 3182 1513 3269 jam

347 3303 431 3373 valet
446 3323 638 3395 portamque
652 3305 775 3373 assidue
788 3306 936 3374 observat
945 3334 954 3392 3
972 3308 1083 3375 locum
1098 3325 1216 3391 mutat,
1231 3324 1268 3374 ut
1282 3303 1510 3388 amatorculos,

348 3431 403 3521 qui
417 3431 590 3518 conjugem
606 3429 767 3515 obsident,
784 3448 886 3500 arceat
900 3432 1066 3522 risumque
1084 3431 1210 3521 fingens
1228 3430 1332 3517 sellas,
1349 3454 1420 3521 quae
1439 3452 1511 3519 pro·

348 3557 453 3645 piores
468 3555 527 3624 sibi
541 3554 705 3642 videntur,
720 3576 860 3625 amovet.
886 3554 1011 3625 Laetitia
1032 3556 1164 3625 tandem
1184 3556 1346 3625 exsultans
1360 3556 1512 3623 nuntium

347 3682 585 3772 optatissimum
609 3679 733 3771 recipit,
750 3706 816 3772 quo
841 3684 958 3751 certior
981 3678 1017 3751 fit
1040 3683 1208 3766 Eulaliam,
1234 3701 1382 3750 curarum
1406 3680 1512 3748 levan-

348 3805 462 3873 darum
478 3829 583 3889 causa,
600 3827 710 3874 secum
725 3805 791 3874 ruri
804 3807 939 3896 posthac
955 3831 1121 3898 segregem
1135 3810 1234 3877 vitam
1249 3809 1430 3877 ducturam.

393 3931 504 3998 Minus
528 3933 626 4000 etiam
651 3931 787 4000 tolerare
802 3932 973 4000 molestam
988 3957 1055 4000 rem
1071 3953 1179 4024 potest
1193 3933 1227 4001 in
1242 3935 1324 4024 ,Vtro
1340 3933 1490 4024 prudente
1504 3943 1512 3985 ³

349 4053 497 4139 Pantalo,
514 4055 569 4144 qui
590 4053 763 4123 lautiorem
781 4055 911 4124 vivendi
935 4056 1073 4125 modum
1096 4060 1235 4148 ignorat,
1263 4081 1321 4126 nec
1345 4057 1514 4126 communi
1597 4123 1599 4126 .

348 4179 466 4246 rationi
480 4177 716 4268 indulgendum
736 4179 795 4248 sibi
812 4199 915 4271 putat.
931 4181 956 4251 E
973 4182 1072 4272 vulgo
1091 4202 1195 4267 ortus,
1213 4184 1423 4271 semetipsum
1440 4205 1512 4271 pro·

347 4304 454 4391 prium
472 4303 568 4371 decus
587 4327 712 4373 servare
731 4306 889 4390 intendit,
912 4329 971 4374 nec
990 4307 1059 4375 vult
1077 4305 1231 4394 singulari
1250 4307 1423 4375 certamine
1440 4307 1515 4374 vitae

386 4621 409 4662 1.
426 4603 452 4658 Il
464 4603 587 4658 canaliere
601 4621 613 4657 e
627 4604 652 4657 le
666 4604 751 4662 danea.
766 4605 827 4662 Act.
844 4606 891 4670 Ill,
907 4621 942 4662 sc.
963 4623 1004 4674 15.

384 4727 409 4766 2.
430 4711 469 4766 La
483 4712 558 4766 dama
568 4711 703 4785 prudente.

387 4835 409 4889 3.
431 4816 540 4874 Haemo
549 4821 679 4892 prudente.
