3588 5680
504 673 549 720 DE
574 672 757 720 GOLDONIO
782 673 972 724 GALLORUM
998 673 1203 724 IMITATORE.
1384 675 1444 742 127

269 813 304 879 in
318 810 381 878 diei
399 833 507 878 serum
524 813 689 893 nuntiat0,
705 812 939 881 contumeliam
954 813 1048 881 timet
1069 836 1110 881 ne
1122 814 1276 902 patiatur,
1298 837 1375 882 curn
1391 837 1446 881 va·

270 958 363 1004 cuam
377 959 514 1004 scaenam
530 953 725 1026 spectatores
741 938 841 1005 visuri
853 939 930 1011 sint.
1014 995 1017 1000 .

255 1100 257 1104 ·
314 1062 377 1130 Res
402 1079 511 1130 autem
535 1061 682 1152 sequenti
713 1079 786 1130 actu
811 1063 949 1130 omnino
975 1080 1150 1130 mutatur:
1177 1063 1330 1132 concedit
1356 1064 1445 1132 enim

270 1182 461 1275 Magdalene
479 1212 495 1249 «
512 1187 617 1276 Bejatt
641 1211 657 1249 u
676 1204 750 1254 ante
766 1186 923 1277 populum
937 1209 1012 1254 cum
1029 1185 1094 1254 filia
1109 1186 1253 1277 prodire,
1273 1211 1313 1255 ne
1328 1207 1442 1256 semet·

268 1311 370 1400 ipsam
384 1334 420 1378 ac
435 1309 611 1379 Molierum
630 1310 755 1402 perdat,
772 1309 901 1400 vulgata
923 1309 1098 1380 amborum
1119 1312 1173 1379 tali
1193 1333 1365 1380 momento
1376 1312 1443 1381 dis-

269 1437 434 1522 sensione3
451 1458 554 1520 serva,
572 1459 670 1528 quarn
683 1429 802 1524 ingrati
817 1458 891 1523 erga
908 1459 998 1503 erum
1016 1436 1115 1504 animi
1131 1437 1283 1525 poenitet,
1304 1436 1443 1506 Moliero

269 1560 421 1628 auxilium
451 1559 512 1628 fert
542 1578 577 1628 ut
606 1559 693 1628 Pirlo
723 1560 910 1644 deludatur,
940 1560 1160 1652 simulansque
1189 1583 1224 1628 se
1254 1563 1444 1630 mercatoris

268 1685 371 1752 amori
388 1681 569 1775 indulgere,
590 1681 682 1752 illum
701 1686 852 1754 hortatur
867 1703 903 1753 ut
924 1704 1073 1774 petasum
1096 1704 1275 1778 togamque
1297 1686 1444 1756 detrahat

269 1826 319 1892 et,
342 1809 437 1897 janua
464 1807 605 1910 pulsata,
634 1811 787 1879 citissime
808 1808 926 1894 lateat,
954 1828 1025 1879 turn
1049 1810 1198 1878 induvias
1222 1813 1291 1900 ejus
1314 1810 1443 1879 Valerio

268 1933 335 2016 dat,
364 1933 480 2024 quibus
505 1934 660 2003 Molierus
685 1933 826 2004 Tattuffi
854 1953 958 2025 partes
982 1953 1065 2021 agat.
1094 1935 1235 2002 Summo
1259 1934 1372 2024 plausu
1399 1935 1442 2002 f-

269 2058 342 2126 bula
363 2076 504 2150 excepta,
527 2059 713 2148 indignatus
735 2059 875 2149 populus
895 2059 1063 2128 Pirlonem
1083 2080 1296 2149 quocumque
1315 2061 1441 2150 quaerit,

268 2200 305 2250 ut
319 2181 426 2252 abillo
440 2206 555 2273 poenas
577 2186 698 2272 exigat;
726 2183 813 2274 quod
834 2185 931 2251 miser
952 2184 1145 2274 praesagiens
1167 2182 1295 2252 Molieri
1320 2183 1442 2251 ancillae

269 2305 425 2397 plurimos
441 2309 595 2376 nummos
609 2309 787 2399 promittit,
803 2326 839 2376 ut
855 2308 914 2376 sibi
931 2331 1035 2398 usque
1052 2307 1091 2376 ad
1108 2325 1242 2377 noctem
1256 2307 1290 2376 in
1308 2309 1375 2397 ipsa
1389 2307 1443 2375 ad·

268 2433 397 2500 versarii
412 2432 514 2500 domo
530 2431 628 2500 latere
643 2433 852 2502 concedatur.

313 2557 403 2624 Dum
417 2558 568 2625 omnium
583 2556 730 2626 laudibus
745 2555 913 2626 extollitur
928 2575 1037 2646 poeta,
1052 2555 1254 2624 Armandam
1269 2558 1303 2624 in
1315 2556 1443 2625 cubicu-

269 2680 337 2748 lum
357 2683 580 2749 introeuntem
601 2680 700 2767 videt,
726 2704 798 2772 quae
822 2700 988 2750 nocturno
1012 2683 1129 2748 vestitu
1153 2679 1279 2768 aufugit
1308 2689 1443 2772 oratque

268 2828 344 2872 eum
359 2823 395 2875 ut
413 2806 481 2874 sine
500 2829 592 2874 mota
613 2829 646 2872 se
664 2807 760 2873 matri
780 2825 904 2896 raptam
924 2827 1061 2873 uxorem
1078 2804 1184 2873 ducat.
1197 2805 1369 2892 Virginem
1378 2806 1441 2896 pri·

268 2952 360 2998 mum
373 2930 535 2999 dimittere
548 2931 618 3000 vult
628 2930 796 3014 Molierns‚
808 2930 955 3021 precibus
966 2949 1076 2998 autem
1087 2929 1155 2998 haec
1166 2947 1298 2998 tantum
1308 2929 1439 3012 insistit,

267 3072 305 3122 ut
323 3057 509 3146 nuptiarum
533 3054 667 3124 anulum
691 3056 805 3146 puellae
831 3053 964 3123 induere
987 3073 1136 3145 cogatur,
1163 3078 1204 3124 ne
1228 3054 1351 3123 diutius
1373 3078 1442 3123 ma·

268 3196 353 3247 neat.
371 3180 490 3265 Mater,
506 3177 605 3247 filiam
621 3181 806 3271 quaeritans,
823 3203 894 3248 earn
911 3179 1043 3248 tandem
1060 3203 1135 3248 curn
1151 3197 1246 3270 poeta
1262 3181 1393 3271 reperit,
1410 3199 1440 3248 et

268 3304 478 3373 matrimonio
494 3306 641 3390 assentit,
658 3305 738 3373 dum
753 3306 854 3388 pirro,
871 3307 926 3396 qui
939 3329 957 3373 a
971 3305 1100 3374 latebris
1115 3307 1193 3390 exit,
1213 3306 1342 3373 veniam
1361 3305 1441 3395 peti·

268 3447 335 3497 tam
353 3428 479 3499 obtinet
498 3428 731 3520 polliceturque
751 3453 784 3497 se
806 3431 837 3498 in
858 3429 1005 3499 futurum
1025 3431 1140 3499 vitium
1161 3429 1390 3497 abdicaturum
1409 3447 1441 3497 et

267 3551 456 3638 Mulierum,
473 3573 634 3646 quantum
649 3553 764 3638 valeat,
781 3554 1002 3623 defensurum.

312 3678 395 3746 Satis
409 3678 581 3766 diligenter
595 3678 691 3767 hujus
706 3679 876 3747 comoediae
887 3698 1014 3747 secutus
1025 3696 1074 3746 est
1084 3679 1222 3767 scriptor
1234 3701 1305 3767 quae
1317 3676 1357 3744 de
1368 3677 1440 3745 Mo·

266 3801 334 3870 lieri
351 3803 428 3887 uita,
454 3826 511 3872 sua
533 3821 638 3889 aetate,
661 3803 889 3894 vulgabantur,
914 3826 1101 3895 quanquam
1117 3803 1152 3868 in
1172 3803 1334 3892 posterius
1356 3800 1440 3870 illius

267 3928 455 4016 nuptiarum
475 3927 562 3996 diem
583 3928 748 4020 aliquanto
767 3931 917 3998 removit.
936 3929 1117 4016 Legentem
1143 3925 1275 4017 quidem
1303 3927 1440 3994 retinere
1474 4023 1477 4028 Ι

267 4049 371 4119 fabula
393 4069 514 4143 potest,
541 4051 713 4144 nodusque
736 4052 818 4121 bene
840 4052 1036 4144 explicatur3
1066 4051 1146 4119 nihil
1168 4070 1279 4119 autem
1303 4053 1381 4120 novi
1402 4052 1449 4120 de

268 4175 394 4246 Molieri
417 4196 528 4245 mente
549 4181 682 4266 ejusque
706 4179 838 4267 ingenio
858 4178 1024 4260 discimus,
1045 4201 1105 4245 nec
1125 4177 1295 4268 quomodo
1319 4175 1440 4244 fabulas

266 4320 491 4391 componeret,
518 4301 693 4370 hominum
712 4321 843 4392 pectora
866 4320 1064 4371 scrutaretur
1084 4304 1225 4393 actisque
1246 4322 1440 4369 commove-

266 4442 366 4509 retur,
383 4449 454 4516 quae
469 4425 586 4495 indolis
601 4428 708 4495 vivam
722 4443 819 4518 atque
833 4428 1010 4494 animatam
1027 4425 1168 4516 effigiem
1182 4424 1336 4509 reddunt,
1353 4422 1438 4491 vide·

266 4571 349 4616 mus.
374 4551 453 4617 Non
477 4549 579 4619 multa
604 4553 701 4619 etiam
723 4550 879 4640 dignitate
903 4552 1007 4620 utitur
1028 4552 1062 4618 in
1093 4572 1233 4618 scaenam
1262 4547 1440 4639 productus
1541 4561 1545 4568 ’

264 4691 359 4762 poeta
372 4675 456 4744 inter
471 4674 549 4743 duas
565 4674 727 4759 mulieres,
750 4697 822 4766 quae
838 4693 874 4742 ut
884 4675 944 4765 ipsi
958 4674 1084 4743 nubant
1100 4672 1317 4742 contendunt.
1335 4672 1440 4740 Mater

264 4817 373 4867 autem
401 4822 532 4868 morosa
562 4820 622 4884 est,
654 4822 748 4902 aequo
771 4800 900 4868 liberior
923 4798 1001 4882 filia,
1029 4798 1195 4890 Pirloque,
1222 4798 1277 4889 qui
1297 4796 1439 4866 secundo
