3600 5682
656 1469 801 1525 QUALIS
833 1467 977 1515 FUERIT
1006 1465 1242 1514 GOLDONIUS

417 2143 452 2212 Si
466 2165 609 2232 unquam
624 2139 825 2208 confirmatae
839 2158 915 2207 sunt
930 2161 1025 2206 novae
1040 2139 1210 2228 opiniones
1232 2139 1272 2207 de
1287 2140 1319 2207 vi
1332 2163 1396 2229 qua
1414 2138 1542 2207 valeant

372 2267 448 2347 loci,
465 2286 624 2355 tempora,
637 2287 741 2350 genus
754 2263 793 2332 ad
808 2262 1050 2332 informandum
1063 2262 1229 2330 scribentis
1238 2264 1421 2352 ingenium,
1433 2287 1540 2331 exem-

369 2391 459 2480 plum
476 2389 777 2480 praestantissimum
793 2409 878 2455 certe
895 2386 1079 2455 Goldonius
1094 2387 1241 2476 praebuit.
1261 2387 1399 2455 Ineunte
1413 2385 1540 2456 decimo

370 2535 485 2583 octavo
502 2538 533 2603 p.
554 2513 634 2582 Chr.
653 2513 771 2580 saeculo
789 2514 928 2580 nascitur
942 2511 1076 2602 (1707),
1095 2535 1160 2602 quo
1174 2511 1257 2579 illius
1271 2513 1385 2601 patria,
1397 2513 1541 2579 Veneto·

369 2659 443 2704 rum
457 2637 581 2718 civitas,
595 2635 732 2703 liberum
743 2654 864 2703 statum
878 2635 999 2704 amisit.
1013 2635 1076 2702 Cui
1087 2636 1183 2702 maris
1194 2635 1366 2724 imperium
1379 2635 1538 2720 Britanni,
1565 2689 1569 2698 .

369 2759 540 2830 orientales
554 2760 735 2849 provincias
749 2759 879 2840 Turcae,
895 2758 1033 2826 initalia
1051 2759 1266 2847 principatum
1283 2758 1386 2826 Gallia
1402 2777 1433 2826 et
1455 2759 1539 2827 Aus-

367 2887 427 2953 tria
449 2905 523 2951 cum
542 2881 763 2965 abstulissent,
779 2883 982 2949 Venetorum
1005 2882 1093 2962 urbs,
1116 2881 1257 2950 molliter
1270 2882 1487 2971 procumbens
1506 2884 1539 2951 in

366 3007 532 3075 Adriatico
556 3005 654 3088 freto,
670 3003 882 3073 obdormivit.
899 3003 998 3070 Cum.
1009 3006 1076 3072 lato
1091 3021 1240 3092 pugnare
1255 3005 1418 3090 desinens,
1436 2981 1539 3075 laudis

367 3132 509 3221 antiquae
522 3131 711 3208 immemor,
728 3127 798 3195 otio
813 3146 891 3194 tunc
907 3129 1046 3194 omnino
1061 3127 1165 3193 dedita
1182 3148 1228 3195 est
1246 3147 1277 3196 et
1293 3130 1464 3219 voluptati.

411 3254 474 3323 Sed
501 3253 585 3321 haud
609 3253 676 3319 scio
704 3275 745 3319 au
772 3251 848 3318 urbs
866 3251 930 3318 ulla
954 3251 1056 3338 magis
1081 3253 1211 3339 penitus
1235 3254 1310 3320 vitae
1334 3252 1539 3323 dulcedinem

367 3381 571 3469 cognoverit,
587 3401 623 3444 ac
643 3399 798 3444 sensuum
818 3374 1023 3461 languorem,
1042 3394 1079 3442 ut
1098 3397 1190 3463 paene
1210 3377 1365 3464 cogitatio
1380 3379 1537 3460 interiret,

367 3503 491 3593 cymbae
515 3502 641 3584 similis,
669 3524 743 3591 quae
763 3499 846 3566 illius
869 3497 998 3566 lacuum
1021 3499 1119 3566 tacito
1141 3497 1225 3566 flexu
1251 3501 1426 3568 invehitur.
1451 3502 1539 3570 Iutta

367 3627 463 3709 aedes,
491 3650 569 3715 quas
593 3646 778 3713 temporum
803 3624 926 3710 injuriae
951 3621 1131 3689 indefensas
1157 3620 1336 3712 relinquere
1367 3626 1538 3715 incipiunt,

368 3754 482 3820 vivunt
497 3752 593 3817 etiam
609 3769 679 3817 tum
702 3747 757 3814 filii
777 3770 906 3831 eorum,
928 3749 981 3836 qui
998 3746 1164 3836 quondam
1185 3749 1304 3816 civitati
1322 3747 1535 3837 praefuerunt:

355 3874 502 3968 publicae
525 3874 570 3942 rei
586 3873 751 3952 incuriosi,
767 3870 883 3959 quibus
903 3872 967 3958 jam
986 3871 1106 3954 vivere,
1124 3894 1192 3938 nou
1206 3894 1312 3957 agere,
1326 3873 1401 3939 satis
1415 3891 1476 3956 est,
1492 3874 1537 3955 hi,

369 4002 531 4088 majorum
547 3996 720 4065 hereditate
734 3996 930 4075 renuntiata,
947 3993 1129 4062 molliorem
1146 4011 1274 4063 tantum
1289 4018 1323 4062 ac
1335 3997 1539 4064 commodio-

370 4146 438 4194 rem
454 4123 554 4191 vitam
569 4120 628 4189 sibi
642 4142 751 4210 parare
766 4136 934 4209 quaeruut3
953 4119 1044 4208 pictis
1056 4119 1183 4199 tabulis,
1200 4143 1272 4209 quae
1286 4121 1392 4188 veneti
1409 4122 1475 4189 caeli
1491 4145 1540 4189 ar·

368 4266 521 4337 genteum
538 4264 635 4334 atque
651 4242 807 4310 adriaticis
822 4242 915 4308 undis
931 4241 1137 4332 liquefactum
1153 4243 1294 4309 nitorem
1310 4227 1461 4327 reddunt,
1480 4248 1539 4313 cit·

369 4370 524 4450 cumdati‚
536 4370 715 4436 vitreorum
732 4385 907 4434 ornatuum
924 4368 1012 4432 vario
1028 4367 1135 4434 colore
1146 4365 1306 4450 delectati,
1320 4368 1405 4435 diem
1417 4368 1539 4437 luxuria

369 4514 468 4583 agunt
492 4512 688 4582 noctemque
707 4491 785 4557 daut
804 4490 892 4571 aleis,
912 4488 991 4557 dum
1013 4490 1154 4570 nummi,
1177 4490 1301 4557 incerto
1327 4491 1477 4576 domino,
1500 4494 1539 4560 de

368 4641 437 4688 uno
457 4616 497 4685 ad
516 4617 615 4684 alium
637 4635 764 4702 semper
778 4611 1007 4680 devolvuntur.
1029 4613 1163 4680 Venetae
1187 4615 1370 4682 meretrices
1388 4615 1540 4705 pulcher-

370 4749 460 4816 rimae
489 4763 519 4812 et
549 4742 781 4822 ornatissimae,
806 4762 842 4807 ac
865 4739 949 4806 vitiis
973 4737 1259 4826 indulgentissimae
1283 4745 1472 4831 peregrinis,
1503 4767 1537 4814 ut
