3600 5682
562 648 731 703 QUANTUM
755 649 800 694 AD
824 649 967 695 LITTERAS
992 647 1172 696 PERTINET.
1276 667 1278 672 ’
1409 648 1446 694 Μ

830 966 902 1057 §r

305 1197 411 1280 ‘Non
433 1209 539 1279 subito
564 1234 599 1278 ac
620 1209 766 1279 funditus
787 1235 859 1300 quae
879 1229 972 1278 antea
995 1211 1184 1278 exstiterant
1213 1228 1369 1294 evertere,
1396 1212 1451 1280 sed

287 1335 414 1422 singula
425 1335 579 1423 paulatim
596 1337 756 1422 corrigere
771 1352 908 1404 conatus
918 1355 977 1404 est.
990 1336 1069 1405 Non
1089 1337 1186 1404 etiam
1196 1337 1303 1425 primo
1312 1333 1448 1420 intuitu,

288 1453 318 1526 et
334 1481 430 1548 quam
446 1457 583 1547 longum
603 1461 663 1527 iter
683 1458 865 1528 faciendum
884 1479 979 1544 esset,
995 1480 1026 1528 et
1041 1483 1114 1550 quae
1133 1460 1260 1548 incepta
1280 1483 1451 1550 sequeren·
1497 1533 1499 1538 ,

287 1573 353 1667 tur,
377 1583 614 1673 circumspexit.
638 1585 725 1652 Vitia
745 1584 971 1673 extemporalis
991 1583 1163 1652 comoediae
1185 1582 1308 1666 oderat,
1332 1583 1450 1651 scilicet

286 1707 427 1775 nimium
442 1707 606 1798 implicitae
620 1707 735 1776 fabulae
750 1708 1033 1792 consuetudinem,
1050 1733 1148 1776 unam
1169 1707 1381 1798 eamdemque
1400 1731 1450 1776 ar·

285 1850 522 1920 gumentorum
537 1831 738 1920 abjectorum
753 1835 927 1913 rationem,
944 1832 1163 1901 immutabiles
1182 1833 1450 1922 paucissimasque

286 1979 452 2045 personas,
470 1957 631 2024 actoribus
645 1958 699 2047 qui
717 1955 857 2025 fabulam
875 1957 1027 2025 docuerat
1042 1959 1285 2041 inservientem,
1302 1974 1450 2025 naturam

286 2081 395 2146 minus
418 2103 516 2170 quam
540 2099 630 2169 pacta
652 2098 825 2165 conventa,
849 2099 885 2149 ut
912 2083 957 2149 ita
984 2080 1102 2163 dicam,
1129 2079 1303 2163 valentem,
1334 2081 1449 2148 unius-

286 2205 441 2294 cujusque
456 2203 587 2275 tandem
602 2204 734 2272 libidine
748 2204 921 2272 confusum
936 2208 979 2272 rei
993 2204 1143 2294 gerendae
1158 2205 1319 2274 ordinem.

331 2329 416 2410 Quae
431 2328 528 2396 simul
542 2329 733 2418 corrigenda
747 2353 814 2397 uon
830 2330 972 2418 primum
985 2348 1081 2418 ⁸curat
1102 2327 1306 2411 Goldonius;
1327 2329 1448 2420 itaque,

290 2451 392 2541 quod,
409 2470 446 2519 ut
461 2455 591 2542 opinor,
609 2456 767 2544 praecipue
781 2452 964 2564 qotandum
975 2473 1036 2536 est,
1048 2457 1116 2544 ejus
1132 2453 1243 2543 primae
1257 2451 1382 2535 fabulae,
1398 2453 1449 2521 vel

286 2574 476 2658 emendatae,
493 2601 527 2643 re
541 2601 615 2645 vera
628 2600 696 2645 non
711 2579 788 2645 novi
802 2579 941 2666 generis,
958 2577 1012 2644 sed
1028 2580 1135 2666 potius
1154 2576 1325 2645 comoediae
1342 2604 1358 2641 u
1376 2575 1448 2644 dell'

286 2718 353 2767 arte
365 2727 381 2764 u
404 2701 590 2790 superstites
619 2703 841 2783 inveniuntur,
864 2725 881 2769 a
900 2701 1057 2791 principio
1078 2703 1230 2789 partim¹,
1261 2724 1339 2768 mox
1369 2717 1448 2768 totae

285 2824 420 2913 scriptae.
439 2825 547 2892 Prima
559 2825 654 2914 hujus
669 2827 826 2894 correctio
841 2824 1016 2916 suppressis
1032 2825 1235 2892 sermonibus
1249 2823 1393 2913 locisque
1409 2847 1449 2890 ex

286 2964 431 3036 tempore
446 2949 583 3016 recitatis
599 2967 744 3032 constat;
756 2969 860 3018 cetera
873 2967 981 3017 autem
996 2948 1179 3017 emendatio
1192 2950 1224 3017 in
1239 2948 1302 3016 hoc
1316 2948 1446 3033 latebat,

286 3070 445 3161 reliquum
466 3072 622 3161 paulatim
638 3073 783 3142 allatura.

329 3194 454 3264 interea
468 3215 578 3263 tamen
597 3220 691 3264 novae
710 3195 823 3265 fabulae
843 3198 945 3265 multa
960 3199 1101 3288 antiquae
1119 3196 1363 3264 consuetudinis
1382 3219 1446 3263 ser-

285 3337 360 3385 vant
376 3321 520 3406 vestigia,
537 3345 572 3388 ac
595 3322 737 3411 primum
750 3340 882 3390 actuum
901 3345 1146 3412 scaenarumque
1166 3323 1387 3416 partitionem.
1414 3320 1449 3387 Si

286 3467 355 3531 quae
381 3444 524 3512 versibus
554 3448 734 3534 composita
761 3466 836 3514 sunt
867 3447 1020 3538 excipias,
1053 3447 1211 3537 pleraeque
1244 3443 1449 3534 goldonianae

285 3568 454 3635 comoediae
466 3569 567 3638 tribus
581 3571 703 3637 actibus
723 3570 922 3638 dividuntur.
942 3572 979 3638 In
995 3571 1043 3639 his
1062 3573 1161 3638 etiam
1180 3570 1330 3638 locorum
1353 3591 1447 3636 com-

285 3694 433 3759 munium
456 3691 572 3761 indicia
597 3697 777 3783 reperies²;
805 3697 925 3764 eaedem
953 3715 1121 3763 servantur
1144 3692 1368 3782 extemporalis
1392 3715 1447 3760 co-

285 3817 413 3884 moediae
427 3841 584 3908 personae,
600 3819 716 3908 quibus
732 3844 795 3887 una
812 3839 866 3888 aut
885 3820 982 3888 altera
1002 3819 1141 3904 additur,
1162 3818 1317 3886 secundas
1337 3834 1446 3885 autem

284 3943 387 4028 partes
410 3966 551 4024 servans,
572 3943 720 4034 salvaque
739 3945 884 4033 priorum
905 3944 1025 4012 indole.
1059 3943 1177 4011 Prioris
1201 3943 1299 4011 etiam
1321 3943 1446 4028 generis

321 4242 352 4283 1.‘
364 4227 486 4281 Necdum
501 4229 529 4281 in
541 4226 646 4282 L'uomo
659 4229 687 4281 di
700 4229 789 4282 mondo
803 4229 897 4299 (1738)
912 4227 1036 4297 dialogus
1051 4228 1163 4298 scriptus
1178 4239 1244 4292 erat,
1261 4227 1311 4280 nisi
1326 4225 1398 4298 quod
1412 4225 1445 4278 ad

283 4317 408 4386 praecipui
430 4317 526 4370 actoris
548 4329 635 4387 partes
654 4319 792 4374 attinebat.
814 4317 877 4374 Vid.
901 4318 1044 4381 Mimoiret,
1064 4317 1123 4382 tl,
1143 4333 1169 4387 p.
1197 4332 1265 4386 3273
1286 4314 1345 4367 vide
1364 4315 1445 4367 etiam

282 4402 308 4455 11
320 4405 438 4456 sonitore
451 4403 479 4456 di
491 4404 539 4456 due
546 4405 657 4477 padroni
664 4405 768 4476 (1749),
782 4405 947 4458 comoediam
960 4411 1103 4476 asoggetto,
1116 4406 1191 4474 cujus
1203 4417 1256 4457 tres
1266 4413 1311 4455 aut
1321 4412 1447 4474 quattuor

283 4493 409 4563 cujusque
424 4504 496 4546 actus
511 4510 610 4547 scaenas
625 4506 703 4564 poeta
714 4483 823 4546 'tantum
837 4495 987 4564 scripserat,
999 4505 1025 4547 et
1039 4509 1098 4564 quae
1112 4504 1204 4564 postea
1217 4502 1274 4545 tota
1289 4491 1385 4561 scripta
1395 4501 1442 4544 est.

318 4624 343 4664 2.
364 4607 426 4663 Vid.
448 4609 486 4662 Lo
505 4609 581 4661 banca
602 4616 669 4661 rotta
686 4609 799 4680 (1740),
821 4621 872 4665 act.
892 4611 917 4676 I,
938 4627 973 4665 sc.
998 4626 1022 4666 2.
1042 4611 1167 4663 Diversas
1190 4619 1259 4661 artes
1278 4618 1445 4677 quaestusque

283 4697 379 4752 modos
393 4709 533 4751 enumerat
547 4697 693 4768 Brighella,
710 4698 805 4769 quibus
818 4700 1020 4768 proxeneticum
1035 4699 1141 4769 praefert
1150 4695 1342 4762 Truffaldinus,
1354 4696 1445 4749 unius-

283 4787 409 4856 cujusque
424 4788 544 4856 priorum
560 4787 659 4841 artium
674 4787 738 4840 vitia
752 4787 922 4840 denuntians.
