3588 5680
752 642 963 694 CONCLUSIO·
1382 650 1442 718 137

272 777 353 846 facta
368 796 430 862 est,
446 779 534 870 quod
550 781 669 848 nimios
688 781 904 850 martellianos
924 805 1035 850 versus
1057 783 1180 852 avidius
1200 803 1332 855 voratos
1353 787 1442 875 dige-

272 924 341 970 rere
361 904 506 994 nequivit
527 921 560 972 et
581 905 650 993 qui,
671 926 760 973 novo
786 903 933 974 laborans
956 906 1087 992 morbo,
1114 907 1262 997 putridos
1287 934 1442 980 numeros
1506 911 1517 922 “

271 1043 390 1114 sputat.
408 1026 455 1095 Ut
468 1045 611 1108 sanetur,
627 1025 774 1096 fenestris
784 1027 968 1115 dejiciendae
976 1050 1052 1098 sunt
1063 1031 1268 1100 medicorum
1279 1035 1439 1124 ampullae,

271 1147 443 1218 adhibendi
465 1168 574 1218 autem
595 1152 719 1240 antiqui
741 1149 934 1222 Trnffaldini
953 1155 1027 1243 joci.
1054 1154 1172 1223 Inutile
1207 1157 1288 1226 mihi
1318 1157 1443 1228 videtur

271 1271 450 1341 fabulosam
464 1273 633 1342 comoediae
648 1279 813 1342 actionem
828 1277 1015 1344 minutatim
1040 1301 1180 1363 narrare,
1207 1281 1241 1346 in
1263 1303 1325 1369 qua
1348 1304 1442 1350 aurea
1513 1318 1515 1324 ¹

272 1397 355 1466 mala
373 1399 408 1464 in
431 1400 532 1487 regias
555 1415 725 1466 vertuntur
746 1400 899 1487 virgines,
915 1400 968 1468 siti
990 1417 1160 1490 pereuntes
1182 1424 1256 1469 cum
1276 1404 1310 1470 in
1332 1403 1441 1472 lucem

271 1520 467 1610 produntur,
491 1520 568 1588 inde
589 1521 624 1588 in
654 1521 833 1607 columbas,
860 1542 1033 1614 postquam
1061 1525 1274 1608 Smeraldina,
1303 1529 1441 1616 «nigra

274 1666 363 1713 serva
375 1671 409 1727 a,
426 1645 593 1732 Morganae
603 1647 684 1714 vatis
696 1649 800 1736 jussu,
817 1647 866 1714 his
877 1649 1000 1737 spiculo
1011 1668 1106 1738 caput
1117 1649 1290 1734 transfixit3
1304 1675 1441 1742 quarum

274 1791 350 1853 una,
368 1770 516 1853 Ninetta,
532 1769 654 1838 multos
667 1789 743 1857 post
759 1792 847 1838 casus
858 1772 971 1858 regulo
981 1773 1154 1861 Tartagliae
1167 1774 1273 1842 nubit.
1287 1776 1441 1865 Nuptiale

272 1893 458 1962 convivium
480 1894 587 1982 ipsum
609 1894 781 1962 miratione
800 1894 1050 1981 dignissimum
1074 1899 1209 1964 recoctis
1231 1899 1319 1965 enim
1333 1901 1440 1988 rapis,

271 2016 423 2084 musculis
436 2035 469 2086 et
482 2015 596 2085 felibus
609 2017 690 2106 pelle
703 2019 806 2086 exutis
823 2037 961 2087 constat.

315 2141 460 2230 Populus
475 2140 539 2210 hoc
554 2141 749 2231 spectaculo,
766 2165 950 2233 quanquam
966 2143 1042 2232 quid
1054 2161 1197 2212 censeret
1208 2161 1322 2212 auctor
1330 2146 1439 2212 minus

272 2263 465 2354 intelligens,
482 2266 621 2334 maxime
633 2263 694 2333 fuit
709 2264 884 2348 delectatus
899 2283 931 2334 et
947 2266 1080 2356 paulum
1094 2265 1194 2335 abfuit
1209 2268 1287 2357 quin
1299 2266 1437 2353 theatra,

270 2410 329 2478 pro
359 2389 474 2478 quibus
503 2388 686 2457 Goldonius
712 2388 926 2479 Chiariusque
950 2389 1137 2476 scriberent,
1162 2393 1301 2458 omnino
1325 2390 1440 2460 fierent

272 2495 382 2580 vacua.
405 2512 557 2600 Lepidius
577 2513 674 2580 etiam
693 2515 727 2580 in
749 2512 815 2580 dies
839 2512 1050 2581 succedebant
1069 2532 1238 2604 sequentes
1259 2517 1327 2604 ejus
1347 2515 1437 2582 modi

271 2635 405 2703 fabulae¹
421 2655 517 2726 atque
536 2638 660 2726 opinari
683 2635 756 2704 licet
778 2636 981 2705 Goldonium
1001 2635 1139 2705 Galliam
1161 2639 1310 2725 petivisse
1330 2639 1438 2728 ibique

272 2776 338 2827 tam
360 2758 414 2827 diu
438 2760 608 2844 mansisse,
625 2759 713 2849 quod
733 2759 823 2827 illum
846 2782 913 2827 sese
934 2761 978 2826 ita
996 2758 1107 2826 lacessi
1123 2759 1347 2851 Gozziumque
1369 2779 1435 2828 tam

272 2881 376 2967 valde,
393 2884 494 2972 ipsius
510 2882 719 2966 detrimento,
735 2883 857 2974 populo
871 2881 995 2972 placere
1011 2882 1154 2952 taederet.

315 3113 490 3180 Fautorem
511 3113 632 3202 ingenii
655 3114 703 3180 sui
724 3113 888 3182 invenerat
912 3113 1054 3182 Gozzius
1078 3114 1258 3181 Bnrettium
1279 3114 1439 3197 criticum,

271 3237 435 3306 Litterarir'
444 3236 573 3326 flagelli
582 3249 593 3277 ²
608 3238 812 3325 scriptorem,
828 3239 884 3328 qui
899 3240 1005 3306 vivam
1020 3238 1218 3326 imaginandi
1238 3236 1437 3325 facultatem,

271 3360 372 3450 qualis
395 3362 429 3427 in
451 3362 534 3449 Rege
552 3383 639 3428 cerno
662 3379 845 3450 appareret,
868 3363 1086 3451 antiquiorem
1109 3361 1319 3430 arbitrabatur
1343 3385 1438 3452 quarn

270 3486 337 3553 veri
360 3485 530 3554 similiores
556 3482 713 3552 Goldonii
735 3484 868 3568 fabulas,
894 3486 1000 3552 vitam'
1017 3484 1139 3574 vulgari
1163 3485 1263 3554 modo
1287 3487 1436 3554 imitatas.

272 3610 497 3704 peregrinatus
513 3627 578 3676 etat
595 3609 755 3676 Barettius
771 3609 1034 3698 Britanniamque
1051 3626 1185 3677 noverat
1199 3626 1230 3677 et
1250 3608 1344 3695 hujus
1362 3631 1439 3696 gen·

270 3733 311 3798 tis
331 3733 451 3799 summi
473 3729 638 3799 dramatici
661 3745 801 3820 poetae³,
819 3733 858 3800 de
876 3755 941 3822 quo
962 3752 1040 3801 tunc
1062 3734 1094 3800 in
1114 3731 1204 3800 Italia
1227 3733 1352 3799 mentio
1372 3731 1440 3800 lieri

270 3854 451 3942 incipiebat,
468 3877 565 3943 opera
579 3855 710 3923 recitata
724 3854 888 3938 audierat3
913 3882 928 3920 n
944 3857 1143 3924 romanticus
1161 3880 1177 3918 a
1199 3856 1298 3944 igitur
1312 3855 1439 3924 criticus

308 4110 330 4150 1.
353 4093 378 4146 ΙΙ
390 4109 472 4158 corvo,
489 4094 555 4148 lire
570 4095 704 4160 cervo,Lo
720 4093 861 4160 Terruerint,
877 4095 893 4148 Ι
905 4095 1008 4168 pitoehr'
1016 4094 1160 4165 fortunati,
1175 4097 1214 4150 La
1226 4095 1311 4150 donna
1319 4104 1437 4168 serpente,

271 4181 308 4234 La
324 4179 442 4245 Zebeide,
458 4181 483 4234 ll
495 4188 586 4235 mestre
600 4181 730 4246 turchino,
746 4182 892 4252 L’augellr'n
906 4183 944 4236 bel
957 4182 1040 4248 verde,
1058 4182 1082 4236 Il
1095 4201 1122 4237 re
1135 4183 1176 4236 dei
1186 4187 1278 4254 genii,·
1293 4201 1351 4255 quae
1372 4202 1438 4254 prae-

271 4270 348 4323 dictae
363 4269 537 4324 comoediaea
556 4281 634 4340 poeta
649 4270 744 4323 fabulae
767 4271 870 4342 (Fiabe)
888 4283 990 4326 vocatae
1012 4283 1083 4327 sunt.
1098 4273 1174 4328 Alias
1193 4277 1273 4327 etiam
1290 4273 1438 4325 comoedias

271 4353 367 4408 diversi
382 4355 489 4423 generis
502 4355 646 4425 minusque
660 4354 795 4408 fabulosas
810 4357 930 4426 scripsit:
947 4355 985 4410 La
999 4357 1085 4410 donno
1100 4358 1274 4420 vendicativa,
1289 4356 1327 4408 Lu
1346 4355 1438 4408 tadrtla

270 4441 299 4494 di
311 4441 394 4494 donna
407 4440 540 4507 Eleonora,
558 4442 583 4495 ll
598 4442 717 4514 pubblieo
729 4451 827 4504 secreto,
843 4445 878 4497 Le
894 4443 941 4498 dae
961 4447 1027 4498 nolti
1040 4447 1176 4516 affannose,
1193 4445 1386 4497 L¹innomorala
1405 4443 1437 4496 da

269 4546 338 4594 vero,
353 4530 391 4582 La
401 4531 558 4602 principesso
566 4529 678 4602 filososo,
694 4531 727 4584 Le
741 4531 834 4602 droghe
847 4531 965 4589 d’amore.

305 4661 330 4700 2.
351 4645 389 4697 Lu
401 4643 495 4698 Frusta
510 4644 649 4699 lateraria.

306 4778 331 4833 3.
353 4759 472 4816 Discursu
486 4769 558 4832 sopra
572 4761 758 4834 Slralrespearee
777 4761 895 4820 Voltaire.
