3600 5682
563 643 733 698 QUANTUM
757 643 802 690 AD
826 643 970 690 LITTERAS
994 642 1175 691 PERTINET.
1413 645 1448 711 35

286 782 430 872 suspiria.
448 781 599 851 Sincerus
614 782 705 871 periit
719 783 839 850 amoris
855 804 981 850 sermo:
1001 783 1111 850 omnia
1129 781 1216 866 ficta,
1230 780 1341 850 inflata
1356 805 1453 850 cano·

288 929 394 998 raeque
409 927 514 993 nugae.

324 1031 421 1100 ‘Cum
435 1033 480 1100 sic
493 1033 675 1100 Petrarcam
693 1032 813 1100 imitari
833 1030 1079 1114 arbitrabantur,
1095 1030 1174 1099 dum
1195 1031 1362 1118 Gongorae
1381 1051 1452 1100 tan·

288 1173 359 1223 tum
372 1154 590 1245 indulgerent,
607 1155 773 1224 verbosius
785 1154 979 1224 feminarum
994 1154 1216 1224 venustatibus
1229 1179 1265 1223 ac
1284 1157 1452 1224 severitate

287 1277 435 1368 depictis,
451 1280 485 1347 in
497 1281 565 1348 vita
580 1278 672 1365 nihil,
691 1279 751 1347 nisi
768 1302 880 1349 verum
896 1298 992 1370 atque
1006 1297 1145 1365 certum,
1162 1278 1313 1368 ponderis
1334 1278 1452 1370 aliquid

287 1402 435 1489 habebat,
458 1404 532 1473 ficta
554 1423 664 1473 autem
683 1423 716 1473 et
739 1403 887 1474 sublimia
905 1426 974 1473 non
992 1403 1086 1472 flocci
1109 1402 1267 1474 faciebant
1285 1427 1400 1472 omnes
1420 1423 1451 1473 et

287 1521 351 1596 suis
367 1531 504 1620 quisque
518 1529 699 1598 commodis
714 1529 908 1621 utilitatique
925 1551 965 1596 eo
984 1531 1138 1599 attentius
1154 1529 1320 1597 serviebat.
1345 1530 1452 1598 Rebus

288 1650 375 1722 enirn
395 1649 527 1745 agendis
546 1655 747 1746 aptissimum
766 1654 865 1722 Italiae
882 1655 1052 1743 ingenium
1076 1654 1125 1722 his
1148 1652 1357 1744 repugnabat,
1381 1677 1452 1744 quae

288 1776 402 1848 melius
421 1803 496 1847 cum
517 1779 668 1869 Hispanis
686 1778 929 1868 congruebant3
947 1802 1013 1870 quo
1028 1777 1123 1848 fiebat
1138 1796 1173 1847 ut
1187 1798 1256 1847 acta
1271 1778 1374 1847 verbis
1389 1779 1452 1846 dis·

288 1905 448 1992 crepantia
465 1904 582 1972 comici
599 1905 704 1992 'poetae
723 1919 886 1988 notarent,
904 1925 963 1970 nec
980 1905 1121 1972 materiae
1136 1901 1237 1971 defuit
1253 1899 1450 1971 Goldonius.

332 2151 370 2219 ln
385 2150 551 2220 nonnullis
565 2153 634 2240 ejus
646 2149 759 2219 fabulis
775 2150 1035 2240 languescentem
1056 2148 1164 2219 videas
1178 2173 1363 2240 personam,
1382 2173 1453 2242 quae

289 2299 414 2366 semper
429 2275 540 2344 durius
560 2274 720 2346 translatis
733 2277 868 2345 vocibus
885 2278 1001 2359 utitur,
1017 2292 1114 2367 atque
1129 2277 1157 2344 ei
1174 2298 1296 2344 nomen
1311 2275 1455 2367 plerum·

289 2423 352 2490 que
368 2400 495 2470 Laelius.
514 2401 578 2470 Cui
592 2401 619 2470 si
634 2400 753 2486 credas,
771 2400 847 2471 solis
862 2400 985 2470 lumina
999 2401 1110 2469 amicae
1126 2398 1227 2469 oculis
1241 2401 1454 2488 exstinguun-

290 2544 362 2610 tur;
379 2523 464 2593 illius
481 2524 585 2616 capilli
601 2525 775 2595 odoratum
790 2525 935 2612 flumen3
953 2549 1060 2594 rosam
1073 2525 1176 2593 'vincit
1192 2525 1321 2615 spiritus
1334 2524 1454 2608 suavis,

288 2647 350 2716 lilia
365 2648 555 2734 oris=color3
572 2652 753 2740 margaritis
767 2670 799 2720 et
814 2651 903 2720 ebori
920 2668 1071 2741 praestant
1087 2649 1213 2734 dentes,
1230 2666 1267 2718 ut
1288 2647 1328 2717 de
1342 2649 1456 2717 ceteris

290 2791 423 2843 taceam.
438 2777 562 2844 Amore
576 2777 675 2866 perit¹
693 2793 803 2843 noster
813 2803 823 2861 ;
846 2774 972 2859 caelum,
993 2773 1127 2844 domina
1146 2775 1172 2842 si
1193 2775 1331 2861 jusserit,
1351 2772 1456 2842 stellas

291 2919 436 2989 rapturus
455 2899 525 2984 ibit,
547 2918 604 2968 aut
624 2923 721 2990 regna
735 2899 876 2987 subiget,
890 2901 1037 2988 gigantas
1052 2897 1212 2984 domabit,
1228 2917 1351 2968 naturae
1370 2916 1458 2965 tem·

291 3043 515 3115 pestatumque
536 3025 632 3116 leges
647 3025 843 3094 turbaturus.
870 3025 1049 3094 Purissimo
1074 3023 1219 3116 quidem,
1236 3025 1296 3094 etsi
1311 3023 1457 3108 ardente,

292 3172 401 3219 amore
421 3152 509 3236 urit,
537 3150 679 3241 nihilque
699 3151 800 3240 petit3
823 3172 891 3219 uno
916 3149 1088 3219 oculorum
1112 3151 1275 3234 contuitu,
1301 3173 1369 3218 uuo
1394 3149 1456 3218 risu

293 3276 465 3346 contentus
490 3294 551 3362 est,
576 3299 702 3365 semper
723 3295 756 3344 et
780 3276 900 3367 ubique
920 3275 1033 3346 fidelis.
1060 3276 1240 3344 Terrestria
1266 3276 1354 3345 bona
1380 3296 1459 3343 con-

293 3403 423 3486 temnit,
435 3425 508 3493 quae
520 3402 641 3492 alioqui
654 3402 783 3490 ignorat
796 3401 978 3495 quibusque
992 3425 1119 3492 semper
1132 3402 1250 3487 caruit3
1264 3400 1339 3468 huic
1349 3417 1459 3468 autem

293 3527 375 3594 bene
397 3527 543 3595 dotatam
561 3529 701 3595 'uxorem
724 3528 750 3594 si
770 3528 945 3618 proponis,
968 3525 1133 3616 extemplo
1149 3527 1314 3594 'orationis
1339 3526 1460 3614 species

293 3671 437 3721 mutatur
458 3654 622 3742 seriusque
640 3653 744 3721 homo
762 3651 821 3720 fit:
842 3650 929 3720 nulla
948 3655 1012 3741 jam
1032 3652 1139 3720 inania
1154 3652 1307 3732 carmina,
1322 3649 1461 3718 sorensis

294 3796 403 3845 autem
426 3776 597 3845 clarissima
620 3776 760 3845 elocutio
784 3795 979 3868 pactumque
1003 3774 1265 3844 conveniendum
1288 3773 1458 3864 diligenter

294 3920 326 3968 et
340 3902 577 3970 accuratissime
596 3900 777 3971 discutitur,
798 3901 924 3992 Sponsa
940 3899 1018 3993 quid
1038 3902 1191 3992 peccavit,
1209 3900 1347 3969 domum
1364 3901 1461 3989 patris

293 4024 377 4116 fugit
391 4024 603 4118 derelictaque
616 4028 723 4115 jacet?
738 4029 839 4096 Parva
856 4051 905 4095 res
924 4046 984 4095 est.
1001 4026 1231 4096 Amatorculus
1250 4044 1362 4095 noster
1375 4049 1460 4093 vano

295 4152 363 4239 igni
379 4148 538 4234 valedicit,
554 4150 686 4234 famam,
702 4153 736 4219 in
756 4150 929 4220 discrimen
948 4149 1134 4234 adductam,
1151 4171 1235 4220 certa
1251 4149 1370 4241 diuque
1391 4173 1460 4240 per·

296 4297 394 4364 pensa
409 4297 622 4346 nummorum
637 4299 764 4345 summa
778 4277 895 4365 virgini
910 4277 1070 4365 integram
1084 4278 1249 4345 restituere
1264 4293 1404 4365 paratus.

341 4400 524 4470 Malesuada
537 4421 706 4493 paupertas
721 4405 755 4471 in
770 4403 1010 4471 excusationem
1032 4398 1163 4491 quidem
1178 4399 1316 4470 conferri
1330 4416 1436 4489 potest
1449 4421 1458 4480 3

298 4527 357 4594 iste
371 4527 459 4594 enim
474 4546 575 4596 artem
589 4527 761 4618 profitetur
775 4527 910 4612 nullam,
929 4529 979 4594 cui
995 4527 1190 4615 epigramma
1206 4547 1264 4614 pro
1283 4521 1457 4612 jentaculo,

335 4822 357 4863 1.
379 4795 564 4862 Cascamorto.
619 4804 622 4808 ’
