3600 5682
493 644 538 691 DE
563 645 702 692 ITALICO
727 645 888 697 THEATRO
912 647 1003 693 ANTE
1028 646 1254 696 GOLDONIUM.
1417 649 1453 716 15

282 785 362 852 Loci
386 784 517 877 quidam
544 803 634 853 erant
663 785 838 874 unicuique
868 807 1032 873 personae,
1060 786 1200 853 nimium
1230 807 1339 855 autem
1367 811 1458 855 com-

281 932 397 980 munes
424 928 455 976 et
486 909 573 976 male
603 907 770 976 interdum
800 909 845 975 rei
879 928 957 976 actae
987 908 1141 999 adaptari.
1173 912 1349 994 Praeterea,
1381 933 1456 980 cum

282 1035 450 1100 memoriae
478 1033 645 1100 commissi
673 1051 791 1115 essent,
817 1056 1055 1123 nonnunquam
1079 1035 1351 1121 agnoscebantur,
1376 1035 1456 1103 dum

282 1158 421 1238 recitati,
449 1155 631 1248 assiduique
660 1176 855 1246 spectatores
884 1179 940 1224 eos
971 1157 1058 1225 velut
1088 1157 1258 1226 familiares
1285 1161 1455 1238 revisendo

283 1279 474 1348 salutabant.
499 1282 562 1364 Ita,
578 1282 632 1370 qui
647 1282 796 1371 proprius
811 1300 892 1348 esset
914 1281 1019 1371 lepos,
1034 1284 1205 1351 omittebat
1231 1284 1458 1373 extemporalis

283 1403 458 1485 comoedia,
466 1407 590 1472 nedum
601 1424 726 1472 naturae
735 1424 844 1472 motus
851 1407 995 1492 ingenue
1005 1423 1039 1474 et
1052 1423 1171 1496 sponte
1186 1405 1346 1475 redderet.
1358 1408 1458 1496 Largi

283 1551 360 1596 vero
382 1527 504 1597 lacetiae
524 1548 615 1596 erant
632 1529 822 1617 aptioribus
843 1528 966 1598 traditae
988 1550 1020 1598 ct
1037 1555 1109 1620 quar
1124 1533 1284 1599 variarum
1306 1554 1457 1621 persona-

284 1675 357 1720 rum
379 1652 480 1721 indoli
501 1652 735 1740 congruebant,
752 1677 811 1722 nec
832 1653 976 1722 multum
994 1655 1125 1728 aberant
1143 1655 1181 1722 ab
1202 1655 1251 1724 bis
1267 1680 1339 1747 quae
1352 1675 1454 1740 actor,

284 1779 336 1843 cui
359 1805 375 1842 a
391 1777 549 1844 Gracioso
567 1803 586 1842 n
600 1801 738 1862 nomen,
753 1780 787 1844 in
802 1778 965 1868 hispanica
980 1802 1083 1846 scaena
1099 1777 1234 1869 profert.

328 1901 397 1968 Etsi
416 1901 466 1970 his
485 1900 567 1970 freta
585 1902 723 1984 auxiliis,
739 1903 969 1990 extemporalis
988 1903 1149 1972 comoedia
1171 1905 1206 1972 in
1224 1924 1295 1972 arto
1314 1906 1457 1994 quodam

284 2025 405 2092 circulo
434 2028 558 2097 moveri
579 2024 776 2114 cogebatur,
803 2050 877 2093 nam
904 2043 976 2117 q'uae
998 2027 1142 2100 indolem
1166 2027 1393 2097 demonstrant
1418 2054 1457 2096 ex

284 2147 463 2238 improviso
479 2150 572 2218 edere
587 2172 655 2217 non
670 2149 765 2234 licet3
788 2150 908 2219 idcirco
929 2162 1141 2240 personarum
1164 2152 1289 2220 indoles
1305 2153 1401 2234 fixa¹,
1422 2169 1458 2220 ut

284 2273 328 2340 ita
349 2273 468 2354 dicam,
489 2297 597 2341 rerum
620 2293 784 2360 gestarum
810 2298 880 2364 pars
903 2274 1138 2344 inveniebatur.
1164 2275 1366 2344 Communia
1383 2295 1457 2344 tan-

285 2414 355 2463 tum
382 2397 513 2470 etvirae
535 2397 630 2466 variae
651 2396 855 2465 conditiones
875 2396 1168 2487 expromebantur3
1199 2419 1235 2467 ut
1253 2400 1459 2467 Terentianae

288 2521 337 2589 vel
352 2520 510 2589 Plautinae
527 2518 641 2594 labulae
658 2541 763 2611 patres
783 2523 964 2610 morigeros
985 2541 1040 2590 aut
1063 2523 1202 2592 nimium
1224 2546 1365 2607 severos,
1383 2539 1457 2613 pro*

286 2644 379 2733 digos
399 2668 435 2714 ac
462 2644 635 2712 dissolutos
664 2645 767 2727 filios,
791 2669 940 2734 procaces
969 2669 1099 2728 vernas,
1127 2646 1261 2735 gulosos
1286 2649 1456 2736 parasitos,

287 2770 399 2840 ceteris
419 2768 484 2836 fere
503 2769 650 2852 exclusis
674 2770 883 2859 protrabunt,
898 2771 942 2837 sic
957 2769 1070 2838 iisdem
1085 2793 1212 2861 semper
1226 2773 1373 2861 personis
1386 2790 1457 2840 ute·

287 2892 380 2961 batur
400 2891 562 2960 comoedia
582 2893 667 2961 dicta
686 2893 758 2960 dell'
781 2906 860 2975 arte,
882 2917 1020 2984 quarum
1043 2912 1177 2983 pernota
1197 2893 1323 2965 indoles
1344 2913 1378 2965 et
1399 2895 1458 2962 sibi

285 3040 414 3107 semper
428 3037 582 3088 constans
598 3037 663 3085 erat
675 3029 698 3084 ².

287 3314 367 3368 tores,
383 3314 485 3372 poetas,
504 3314 635 3370 oratores,
652 3303 831 3375 philosophos
846 3305 928 3358 etiam
941 3304 1100 3376 perlegerat,
1117 3320 1331 3377 agnosceresque
1346 3306 1374 3359 in
1388 3305 1460 3360 illius

287 3390 513 3462 extemporalibus
527 3389 604 3444 dictis
618 3407 678 3462 quae
692 3392 725 3446 L.
741 3393 872 3457 Annaeus,
881 3393 920 3450 M.
932 3391 1049 3459 Tullius,
1060 3393 1271 3463 Montaniusque
1286 3394 1457 3464 scripserunt.

191 3519 194 3525 .
287 3478 325 3532 Ea
339 3493 429 3533 autem
452 3477 545 3532 insulsi
565 3477 686 3531 hominis
700 3479 891 3550 inscientisque
905 3496 1028 3550 personae
1047 3480 1084 3533 sic
1103 3480 1329 3533 accommodabat
1345 3492 1383 3543 ut,
1400 3497 1459 3550 quae

287 3567 314 3620 in
333 3569 404 3621 serio
418 3557 552 3639 scriptore¹
562 3569 678 3632 miraris,
694 3567 727 3621 ab
742 3568 794 3621 isto
809 3579 900 3622 actore
917 3579 1017 3621 mutata
1033 3569 1116 3621 risum
1133 3580 1282 3624 moverent.
1299 3588 1313 3618 u

322 3655 463 3726 Ejusmodi
482 3667 573 3709 autem
594 3655 673 3708 mimi
693 3655 745 3708 rari
764 3666 853 3721 erant3
870 3654 990 3727 plerique
1011 3656 1095 3722 enim,
1116 3654 1238 3709 doctrina
1256 3653 1386 3719 carentes,
1403 3671 1459 3709 non

287 3743 402 3816 amplius
416 3755 540 3815 poterant
553 3760 636 3815 quam
650 3743 723 3814 quod
737 3755 833 3797 natura
846 3743 969 3798 effecerat
981 3763 989 3809 ;
1005 3745 1043 3796 sic
1058 3743 1108 3810 vir,
1124 3754 1152 3797 ut
1166 3741 1211 3796 ille
1227 3741 1332 3807 Sacchi,
1348 3759 1405 3795 non
1419 3759 1460 3795 re-

287 3833 391 3899 citator,
407 3847 501 3885 verum
516 3848 605 3904 operae
620 3833 702 3902 ipsius
716 3843 771 3884 erat
784 3832 882 3887 socius,
898 3831 990 3901 Itaque
1009 3828 1107 3883 fatetur
1126 3828 1279 3883 Goldonius
1300 3829 1372 3884 hunc
1386 3841 1459 3883 acto-

288 3937 345 3973 rem
360 3919 419 3991 plus
434 3919 503 3990 apud
521 3932 683 3990 spectatores
696 3921 783 3991 gratia
798 3919 913 3974 valuisse
929 3936 1012 3991 quam
1034 3920 1079 3990 qui
1098 3917 1218 3972 fabulam
1238 3935 1300 3973 eum
1321 3915 1458 3984 docuerat,

288 4011 396 4080 ejusque
410 4011 490 4063 unice
504 4010 613 4064 videndi
628 4011 764 4064 curiosam
777 4009 860 4064 fuisse
873 4008 990 4081 plebem.

325 4142 348 4180 t.
365 4127 454 4196 Hujus
469 4126 617 4180 comoediae
630 4141 757 4196 personas
771 4103 984 4180 latrunculorum
1000 4124 1056 4178 ludi
1070 4125 1161 4178 vitreis
1176 4122 1307 4178 militibus
1321 4136 1460 4193 comparat

287 4216 459 4285 germanicus
480 4215 675 4287 grammaticus
698 4213 840 4285 Schlegel,
865 4215 911 4286 qui
941 4213 1052 4267 infinitis
1076 4213 1166 4266 modis
1190 4214 1218 4266 in
1242 4212 1334 4266 tabula
1358 4211 1459 4265 bellum

289 4314 421 4374 peragunt
435 4303 621 4374 (Vorletungen
636 4305 696 4356 tiber
710 4301 876 4356 dramatische
888 4303 917 4356 K
918 4309 976 4355 anst
990 4303 1044 4355 aad
1058 4303 1201 4367 Literatur,
1215 4302 1286 4370 IX.).

295 4444 298 4447 ·
323 4434 352 4473 2.
371 4419 402 4472 In
416 4433 464 4472 sua
477 4416 629 4472 Italicarum
642 4417 787 4472 litterarum
799 4417 906 4470 historia
919 4418 991 4487 (cap.
1006 4418 1043 4482 X,
1055 4434 1082 4487 p.
1102 4417 1164 4486 117)
1179 4414 1389 4467 immutabilium
1401 4431 1461 4484 per·

288 4524 417 4562 sonarum
440 4509 575 4578 originem
599 4507 738 4561 Sismondi
761 4508 939 4560 scaenicorum
963 4522 1079 4576 gregum
1104 4505 1192 4576 parcis
1218 4504 1330 4557 ducibus
1355 4503 1458 4570 tribuit,

288 4597 344 4667 qui,
360 4607 390 4649 ut
404 4596 514 4650 cottidie
531 4611 632 4648 novam
650 4593 770 4648 fabulam
791 4595 898 4648 minore
917 4605 1025 4663 sumptu
1044 4593 1164 4657 ederent,
1180 4607 1291 4660 operam
1307 4590 1407 4644 dabant
1425 4607 1460 4644 ne

288 4683 385 4756 saepius
397 4696 483 4738 vestes
493 4683 627 4754 ceterique
646 4694 757 4737 ornatus
772 4694 949 4736 mutarentur.
966 4682 1032 4734 Haec
1046 4681 1141 4751 opinio
1154 4695 1218 4732 sane
1234 4695 1290 4732 non
1306 4679 1460 4732 communis

288 4783 336 4837 est,
351 4773 374 4824 si
388 4770 442 4825 alio
458 4771 556 4824 merito
572 4782 650 4826 caret.
