3588 5680
350 639 410 690 122
520 640 563 686 DE
588 637 770 686 GOLDONIO
795 637 939 684 ITALICAE
963 637 1084 684 SCAENAE
1108 635 1345 694 CORRECTQREa

345 797 446 849 tatem
460 779 612 866 allegans,
628 795 724 866 negat
746 799 779 844 se
798 777 867 844 sine
884 777 961 845 dote
980 796 1115 844 uxorem
1134 773 1323 861 ducturum,
1345 777 1519 867 respondet

344 923 433 994 pater
448 901 496 970 his
510 899 627 982 verbis,
643 923 714 992 quae
729 898 784 969 tali
797 899 959 968 venientia
975 900 1014 967 ab
1030 921 1086 966 ore
1101 899 1202 966 risum
1218 918 1374 968 movent:
1401 926 1417 964 r
1427 901 1518 969 Num

345 1029 411 1118 ipse
437 1048 550 1094 avarus
580 1023 636 1092 es?
655 1049 670 1087 u
701 1024 781 1107 Quo
809 1023 943 1105 audito,
972 1021 1162 1106 Florindus,
1193 1023 1282 1090 Laelii
1310 1024 1447 1106 amicus,
1480 1023 1517 1091 ab

346 1176 384 1220 eo
409 1169 557 1244 optatum
572 1149 819 1218 matrimonium
839 1146 1052 1216 abdicandum
1067 1146 1262 1236 intelligens,
1279 1169 1313 1215 se
1338 1146 1517 1216 indotatam

345 1276 504 1364 virginem
526 1289 733 1371 sumpturum
751 1271 919 1362 proponit,
940 1289 1095 1362 pactaque
1118 1269 1271 1362 nuptialia
1292 1269 1411 1341 chartae
1432 1251 1515 1361 frag·⁵

270 1403 274 1410 ’
346 1419 459 1470 mento
474 1398 707 1481 inscribuntur,
731 1396 819 1487 quod
842 1397 929 1487 prius
954 1395 1162 1482 recollectum
1186 1418 1298 1464 avarus
1323 1397 1517 1466 servandum

345 1530 379 1597 in
401 1527 607 1596 occasionem
631 1525 764 1592 curavit.
789 1524 898 1593 Immo
919 1523 1091 1593 Florindus
1110 1547 1143 1594 se
1165 1541 1240 1594 ante
1261 1525 1389 1615 nuptias
1412 1547 1518 1622 pecu-

346 1654 434 1720 niam
457 1653 547 1720 uxori
575 1651 727 1719 daturum
750 1649 930 1739 promittit,
958 1648 1031 1734 sed,
1056 1673 1132 1718 cum
1159 1672 1194 1718 ea
1221 1651 1357 1742 pecunia
1390 1668 1518 1718 tantum

344 1775 497 1845 solvenda
517 1777 603 1844 sitsi
623 1797 705 1843 uxor
723 1775 893 1858 moriatur,
912 1791 967 1842 aut
985 1774 1185 1865 repudietur,
1208 1798 1277 1843 rem
1295 1775 1454 1844 incertam
1481 1794 1517 1843 ut

346 1920 467 1985 caveat,
492 1902 570 1992 petit
592 1919 681 1991 pater
698 1917 733 1968 ut
754 1922 771 1967 a
791 1915 920 1988 genero
936 1918 1135 1970 sustentetur
1157 1899 1293 1991 filiaeque
1322 1900 1518 1991 parapherna

344 2024 487 2094 vestibus
515 2025 661 2093 emendis
689 2024 940 2093 constituantur.
972 2025 1043 2114 lpse
1072 2047 1217 2115 pannum
1248 2048 1281 2092 se
1307 2025 1517 2093 venditurum

344 2148 502 2240 spondet,
532 2171 630 2238 quem
661 2148 779 2216 incidet
803 2147 968 2217 Corallina
997 2149 1129 2231 ancilla,
1160 2167 1329 2240 speratque
1358 2148 1516 2217 Octavius

346 2283 472 2343 tantam
487 2271 585 2340 telam
598 2273 755 2363 reliquam
769 2272 837 2341 fore
852 2297 914 2364 qua
928 2275 989 2364 ipsi
1008 2275 1129 2364 aliquot
1145 2273 1310 2342 subuculae
1325 2272 1514 2342 efficiantur.

348 2395 523 2487 Capsulam
545 2397 642 2462 etiam
668 2395 777 2477 haber,
795 2396 829 2462 in
848 2419 911 2488 qua
926 2395 1090 2464 recondita
1110 2416 1157 2465 est
1177 2399 1326 2487 pecunia,
1344 2421 1443 2490 quam
1467 2419 1516 2464 se·

346 2540 433 2588 creto
457 2518 697 2610 contemplatur
719 2540 750 2587 et
773 2545 858 2611 quae,
881 2522 994 2610 positis
1014 2523 1048 2588 in
1065 2520 1187 2588 faenore
1210 2521 1372 2607 nummis,
1394 2523 1427 2615 in
1451 2520 1516 2589 dies

347 2646 472 2713 crescit.
500 2645 601 2714 Furto
625 2668 662 2712 ea
684 2644 869 2734 subripitur,
896 2646 984 2734 quod
1006 2643 1093 2712 idem
1109 2625 1145 2712 lit
1168 2647 1202 2712 in
1225 2644 1401 2718 Aulularia
1428 2646 1516 2714 etin

344 2769 473 2837 Molieri
487 2770 612 2852 Avaro,
631 2767 685 2836 sed
700 2771 922 2860 quantumvis,
942 2769 1050 2837 audita
1068 2767 1190 2851 fraude,
1218 2789 1329 2839 motus
1349 2771 1388 2838 sit
1411 2769 1516 2838 Octa-

343 2894 427 2974 vius,
444 2910 619 2983 antequam
641 2892 745 2960 furem
765 2894 965 2960 insecuturus
981 2892 1085 2975 abeat,
1104 2911 1192 2961 curat
1212 2891 1323 2960 tamen
1344 2912 1380 2962 ut
1398 2895 1516 2962 exstin-

341 3035 458 3106 guatur
479 3017 593 3084 lumen
609 3014 788 3106 quoddam,
805 3017 893 3106 quod
907 3019 1065 3086 inutiliter
1079 3019 1297 3087 consumitur.

386 3139 489 3208 Facile
510 3141 643 3227 agnosci
664 3158 772 3231 potest
794 3163 893 3230 quam
914 3143 1024 3210 similis
1040 3142 1107 3211 haec
1127 3141 1234 3211 fabula
1257 3143 1388 3211 Molieri
1401 3145 1513 3212 Avaro

342 3265 397 3347 sit,
413 3262 516 3332 sedin
535 3287 575 3331 eo
595 3266 736 3332 maxime
759 3264 944 3333 Goldonius
968 3265 1143 3356 culpandus
1165 3266 1245 3335 mihi
1269 3268 1408 3351 videtur,
1426 3268 1513 3358 quod

344 3389 501 3460 Octavius
516 3390 694 3458 adventicia
714 3408 843 3460 tantum
862 3413 999 3479 persona
1019 3410 1079 3476 est,
1102 3391 1144 3459 ob
1163 3391 1245 3460 hanc
1265 3415 1365 3460 unam
1386 3413 1514 3460 causam

342 3515 478 3583 admissa
495 3534 542 3598 ut,
555 3534 716 3605 quantum
730 3534 816 3583 amet
826 3538 920 3583 verus
936 3517 1057 3585 amicus
1072 3517 1227 3598 amicum,
1239 3535 1399 3606 appareat.
1412 3519 1512 3602 Nam,

342 3663 418 3710 cum
436 3641 616 3710 Rosauram
636 3641 873 3730 pauperrimam
893 3663 959 3708 esse
980 3642 1139 3709 existimat
1159 3639 1346 3722 Florindus,
1364 3663 1512 3709 amorem

341 3763 432 3831 fateri
454 3787 523 3832 non
543 3763 667 3833 dubitat
679 3790 688 3848 ;
713 3788 788 3832 cum
809 3784 919 3833 autem
941 3767 1058 3834 certior
1080 3764 1116 3832 fit
1139 3768 1206 3854 ejus
1227 3786 1365 3856 patrem,
1388 3764 1513 3856 capsula

342 3909 622 3978 recuperata,esse
637 3888 785 3972 divitem,
802 3913 872 3957 eam
887 3888 986 3956 Laelio
1002 3912 1138 3958 uxorem
1152 3889 1236 3959 cedit
1252 3889 1351 3972 idem,
1369 3914 1410 3958 ne
1429 3892 1513 3959 ami·
1603 3965 1609 3970 ,

341 4037 396 4081 cus
418 4014 622 4082 occasionem
644 4016 690 4082 rei
712 4013 875 4083 familiaris
897 4014 1049 4104 locupleti
1072 4016 1284 4082 matrimonio
1305 4015 1512 4084 restituendae

342 4138 493 4205 omittat·
507 4138 571 4205 Sed
592 4137 693 4208 altero
714 4156 843 4206 tantum
863 4136 903 4205 de
925 4137 1023 4206 latere
1047 4138 1176 4206 ostendi
1197 4161 1385 4228 personam,
1411 4140 1512 4229 qualis

341 4283 454 4328 avarus
479 4280 539 4344 est,
559 4284 628 4329 non
648 4260 758 4343 decet;
783 4263 934 4332 convenit
956 4264 1060 4330 immo
1077 4264 1111 4331 in
1127 4286 1166 4330 eo
1188 4264 1349 4350 integram
1367 4265 1512 4333 insistere

340 4382 495 4468 fabulam,
522 4403 610 4454 tanta
629 4404 680 4454 est
708 4387 760 4452 illa
784 4384 919 4475 cupido,
943 4388 977 4455 in
1006 4410 1068 4477 qua
1098 4406 1187 4455 totus
1216 4406 1360 4456 uersatus
1385 4390 1512 4457 animus
1563 4393 1571 4404 '

342 4529 492 4592 omnem,
514 4527 550 4577 ut
574 4511 617 4577 ait
643 4509 856 4591 M.Tu11ius,
880 4510 1120 4580 humanitatem
1145 4513 1244 4579 exuit.
1274 4513 1427 4602 Harpago
1453 4535 1511 4579 nec

271 4653 276 4663 ·
341 4635 405 4720 jam
423 4653 512 4722 pater
531 4653 591 4717 est,
615 4657 674 4702 nec
693 4635 792 4702 etiam
809 4654 908 4718 amat,
930 4657 1005 4702 cum
1022 4637 1056 4703 in
1076 4634 1175 4703 dubio
1197 4637 1331 4724 pecunia
1355 4637 1508 4725 ponitur;

341 4780 376 4824 ea
392 4775 521 4826 tantum
540 4758 730 4827 conditione
746 4777 942 4848 spectatores
955 4758 1091 4829 detineri
1108 4780 1258 4849 possunt.
