3588 5680
679 1137 900 1222 TERTIA
935 1140 1074 1224 PARS

792 1425 952 1440 m

839 1683 903 1750 VII

503 1952 551 1997 DE
582 1950 793 1998 GOLDONIO
825 1951 1006 1998 LUTETIAE
1036 1952 1230 2000 MORANTE

331 2509 425 2579 Circa
440 2533 564 2579 annum
578 2499 651 2599 post
662 2509 741 2581 Chr.
760 2514 843 2600 1760
859 2511 954 2581 italici
969 2512 1131 2580 comoedi¹
1148 2513 1286 2581 Lutetiae
1305 2534 1449 2604 agentes,

286 2635 433 2704 studium
452 2636 632 2704 decrescere
652 2635 816 2722 dolebant,
838 2660 904 2726 quo
926 2637 1010 2705 Galli
1028 2655 1121 2705 antea
1139 2635 1178 2705 ad
1196 2637 1260 2706 hoc
1279 2637 1451 2727 spectaculi

283 2783 386 2848 genus
411 2759 516 2828 allecti
543 2778 645 2829 erant.
671 2761 867 2850 Quanquam
891 2760 979 2829 enirn
1003 2778 1034 2829 et
1057 2783 1075 2827 a
1096 2759 1216 2848 gallicis
1240 2761 1450 2849 scriptoribus

283 2881 396 2952 fabulae
419 2901 564 2982 nostrate
590 2884 699 2972 lingua
723 2881 1020 2973 suppeditabantur,
1045 2885 1213 2952 nonsatis
1238 2886 1339 2953 varias
1369 2908 1450 2968 esse,

283 3030 361 3098 quas
384 3004 557 3075 recitabant
582 3024 719 3086 actorem
748 3007 925 3075 comoedias
954 3007 1179 3076 existimabant
1206 3007 1453 3099 sentiebantque

284 3129 508 3198 renovandum
524 3151 591 3196 esse
605 3130 720 3196 tritum
739 3150 854 3215 genus,
872 3122 1043 3199 auxiliante
1058 3133 1143 3215 viro,
1159 3131 1215 3222 qui
1233 3133 1266 3199 in
1281 3133 1380 3222 patria
1394 3155 1452 3202 sua

282 3253 420 3321 italicam
440 3275 576 3321 scaenam
596 3254 795 3322 correxisset.
814 3254 1053 3338 Quamobrem,
1069 3278 1088 3322 a
1106 3253 1222 3342 gallico
1242 3254 1348 3345 legato
1367 3257 1451 3346 apud

282 3378 440 3446 Venetam
456 3376 686 3466 rempublicam
699 3377 865 3468 Goldonio
881 3380 1085 3468 propositum
1096 3397 1144 3447 est
1159 3377 1306 3448 biennale
1320 3398 1450 3470 pactum

283 3501 425 3590 ejusdem
441 3501 531 3570 modi
545 3520 640 3592 atque
653 3501 746 3582 illud,
762 3502 850 3592 quod
864 3501 981 3592 pluries
996 3525 1071 3569 curn
1088 3503 1298 3571 scaenicorum
1313 3525 1448 3592 gregum

283 3624 418 3693 ducibus
432 3626 466 3692 in
480 3625 569 3693 Italia
583 3643 789 3694 convenerat.
925 3617 927 3620 ⁵

327 3749 376 3817 Eo
399 3749 538 3840 quidem.
553 3767 699 3839 tempore
717 3748 899 3817 Parmensis
917 3748 1006 3817 ducis
1029 3750 1064 3817 in
1087 3746 1240 3816 beneficia
1264 3747 1449 3818 Goldonius

230 3945 231 3950 ἵ
282 3872 384 3941 fuerat
400 3873 535 3957 delatus,
552 3891 711 3966 pactoque
729 3861 906 3958 convento,
929 3874 1039 3942 Sancti
1060 3875 1158 3942 Lucae
1181 3873 1308 3944 theatro
1328 3873 1450 3944 fabulas

283 4019 317 4066 se
326 3999 520 4088 scripturum
534 4001 736 4089 promiserat.
753 3999 832 4068 Arte
855 4021 1006 4102 verosua
1026 3997 1194 4067 modicum
1215 4017 1389 4089 quaestum,
1411 4017 1449 4067 ut

320 4317 343 4358 1.
364 4301 406 4354 De
421 4317 464 4366 eo,
481 4301 551 4371 quod
567 4299 600 4354 ad
614 4299 733 4353 italicam
746 4298 911 4353 comoediam
927 4299 1040 4354 Lutetiae
1058 4299 1183 4369 pertinet,
1200 4297 1276 4353 vide:
1294 4299 1446 4363 Marivaux,

281 4388 379 4442 thesim
394 4406 408 4442 a
424 4388 592 4453 Larroumet‚
605 4389 632 4440 in
648 4404 700 4458 qua
713 4386 863 4457 largissima
884 4386 981 4439 indicia
1001 4386 1034 4439 de
1052 4385 1127 4439 libris
1143 4396 1190 4438 'aut
1211 4386 1314 4455 scriptis
1328 4386 1448 4438 invenias

281 4477 314 4530 ad
333 4475 412 4547 hujus
436 4475 578 4530 historiam
596 4475 785 4546 spectantibus.
806 4473 1020 4528 Desiderandum
1038 4471 1107 4526 forte
1126 4474 1212 4526 unum
1227 4482 1324 4537 restat;
1345 4482 1449 4525 tacetur

281 4563 355 4617 enim
373 4562 406 4617 de
425 4562 554 4618 Goldonii
573 4562 780 4627 Commentariis,
795 4561 975 4615 minutissime
994 4560 1027 4614 de
1046 4558 1136 4613 italica
1156 4558 1292 4614 comoedia
1311 4558 1340 4611 in
1359 4557 1447 4612 Gallia

281 4648 453 4721 loquentibus
467 4669 516 4721 nec
530 4668 585 4706 non
604 4653 638 4705 de
657 4650 764 4717 sabulis,
780 4667 846 4722 quas
865 4650 927 4703 huic
948 4666 1042 4704 scaenae
1062 4647 1196 4720 scripserit
1219 4657 1310 4701 noster
1324 4646 1358 4700 ab
1373 4661 1447 4699 anno

282 4750 342 4807 post
357 4738 423 4797 Chr.
438 4737 503 4809 1762
519 4755 602 4810 usque
618 4739 651 4792 ad
666 4755 768 4792 annum
786 4738 852 4808 1780
866 4738 1022 4806 (Mamoires,
1037 4747 1056 4792 t.
1074 4736 1122 4799 111,
1139 4735 1258 4804 passim).
