3600 5682
364 652 383 699 2
538 649 582 696 DE
607 649 789 696 Gotoouto
816 651 957 698 lTALlCAE
983 651 1103 698 SCAENAE
1128 652 1366 700 CORRECTORE.

364 790 487 858 Mirum
511 787 542 856 id
567 811 644 854 sane
664 809 700 854 ac
723 809 846 874 rarum,
869 791 956 858 etin
979 788 1139 858 litterariis
1165 788 1253 858 fastis
1275 790 1457 858 notandum
1491 811 1539 860 est

365 913 584 996 Goldonium,
601 911 670 1002 plus
685 937 783 1002 quam
798 915 963 1002 sexaginta
978 937 1082 982 annos
1096 932 1223 997 natum,
1243 912 1383 982 fabulam
1403 913 1536 1002 gallicos

363 1057 488 1105 actores
520 1035 682 1120 docuisse,
713 1039 803 1124 cujus
834 1036 948 1106 saltem
985 1037 1096 1105 titulus
1128 1058 1287 1126 superstes
1319 1037 1429 1120 luerit,
1463 1038 1540 1106 sub·

365 1161 456 1228 rilem
478 1180 510 1228 et
534 1160 572 1228 ad
596 1158 628 1227 id
657 1162 813 1250 temporis
841 1162 992 1248 ignotum
1022 1160 1140 1229 indolis
1168 1160 1312 1230 colorem
1342 1162 1537 1248 significans.

363 1286 451 1354 Natu
476 1286 573 1351 etiam
596 1284 762 1370 grandior,
783 1308 856 1374 quae
878 1284 936 1352 sibi
956 1286 1056 1352 vitam
1079 1287 1186 1374 agenti
1209 1306 1382 1353 evenerant
1408 1309 1539 1354 memo-

364 1410 456 1489 ravit,
474 1425 608 1474 externo
632 1427 725 1474 utens
746 1429 908 1476 sermone.
934 1409 1092 1497 Magnum
1116 1427 1266 1498 praeterea
1287 1408 1383 1477 decus
1406 1410 1538 1492 meruit,

365 1555 461 1600 ausus
478 1531 635 1598 inlocum
653 1532 807 1620 antiquae,
823 1554 860 1597 ex
879 1533 1059 1620 improviso
1075 1535 1225 1615 recitatae,
1245 1531 1423 1627 comoediae
1438 1556 1539 1600 novas

365 1655 557 1724 substituere
571 1653 704 1737 fabulas,
720 1678 793 1744 quae
808 1653 979 1723 Gallorum
1000 1677 1097 1746 opera
1111 1657 1335 1738 imitabantur,
1353 1680 1538 1746 quanquam

365 1778 455 1846 valde
474 1779 691 1868 repugnabant
711 1780 914 1865 grammatici
934 1799 965 1846 et
986 1779 1170 1861 histriones,
1186 1779 1302 1868 quibus
1320 1782 1420 1868 magis
1438 1779 1539 1869 place·

365 1904 418 1971 bat
436 1927 452 1970 a
470 1903 630 1993 prioribus
646 1901 783 1970 traditus
799 1925 871 1969 mos
886 1902 1057 1970 comoediae
1071 1903 1143 1970 dell’
1158 1915 1235 1973 arte.

412 2029 479 2094 Etsi
493 2024 554 2094 fuit
570 2025 727 2094 Goldonii
739 2027 825 2094 sama
838 2024 1055 2109 celeberrima,
1071 2045 1181 2093 tamen
1197 2027 1292 2116 hujus
1312 2049 1448 2116 operum
1472 2051 1543 2094 me·
1619 2021 1625 2027 ⁵

367 2153 469 2219 moria
482 2150 546 2217 fere
561 2151 675 2217 amissa
690 2169 753 2232 est;
769 2153 860 2238 cujus
875 2150 919 2217 rei
934 2150 1049 2238 partim
1064 2149 1229 2217 tribuenda
1245 2174 1337 2217 causa
1354 2169 1540 2239 temporum

367 2272 608 2341 necessitatibus
621 2291 717 2362 atque
732 2274 807 2340 artis
818 2274 952 2340 comicae
962 2263 1345 2356 conditionibus,saeculo
1361 2297 1429 2364 quo
1443 2277 1543 2364 scrip-

367 2417 420 2466 tor
429 2399 568 2481 vivebat,
585 2399 702 2486 partim
718 2399 827 2464 nimiae
841 2396 1011 2480 celeritati,
1023 2422 1085 2487 qua
1101 2399 1200 2466 semel
1210 2399 1289 2466 XVI
1305 2398 1426 2466 fabulas
1441 2422 1541 2467 novas

367 2546 434 2589 uno
448 2546 535 2589 anno
550 2520 661 2602 edidit,
679 2544 738 2589 nec
754 2541 913 2611 quantum
929 2521 1060 2603 valeret,
1072 2524 1152 2590 'otio
1172 2521 1352 2604 deficiente,
1367 2523 1540 2591 ostendere

367 2650 484 2736 potuit.
500 2646 652 2714 Caducos
662 2669 698 2712 ac
709 2643 836 2734 fugaces
847 2669 1012 2713 successus
1021 2647 1079 2714 hac
1090 2647 1217 2715 insolita
1226 2644 1374 2714 facilitate
1383 2647 1538 2730 obtinuit,

367 2773 422 2864 qui
437 2788 562 2860 postera
576 2770 627 2836 die
643 2789 854 2838 evanuerunt.
872 2771 984 2861 Usque
1003 2772 1101 2838 etiam
1120 2770 1157 2838 ad
1177 2787 1306 2838 aetatem
1321 2787 1467 2838 nostram
1482 2795 1537 2839 ex-

368 2894 538 2984 spectanda
553 2894 596 2962 illi
611 2898 741 2961 luerunt
758 2911 986 2975 monumenta,
1003 2919 1076 2984 quae
1091 2918 1177 2962 nunc
1193 2895 1367 2962 Florentiae
1381 2915 1411 2963 et
1432 2897 1465 2963 in
1481 2919 1541 2963 ve·

367 3038 445 3088 neto
462 3017 604 3108 quodam
618 3016 691 3085 foro
705 3037 865 3085 exstructa
879 3035 955 3084 sunt
967 3030 989 3084 ¹.
1001 3018 1049 3086 Ibi
1061 3018 1202 3107 effigiem
1215 3041 1346 3087 cernere
1360 3039 1409 3087 est
1424 3019 1538 3087 baculo

367 3143 467 3210 innixi
483 3142 579 3223 senis,
598 3141 719 3228 placida
740 3159 772 3208 et
790 3141 968 3210 subridenti
987 3139 1079 3223 facie,
1097 3144 1165 3209 sine
1185 3144 1427 3211 intermissione
1446 3144 1538 3211 ince-

366 3266 496 3334 dentem
513 3267 673 3333 cernentis
683 3264 856 3355 populum,
868 3278 966 3355 quem
977 3264 1085 3333 dilexit
1102 3289 1137 3334 ac
1148 3289 1286 3356 persaepe
1301 3269 1335 3334 in
1346 3266 1457 3335 fabulis
1469 3266 1537 3335 lau-

367 3389 459 3458 dibus
480 3388 607 3457 extulit.
627 3388 774 3456 Tardum
794 3388 913 3457 scilicet
936 3389 1023 3456 hunc
1043 3389 1205 3458 honorem
1218 3410 1253 3459 ut
1270 3409 1537 3481 consequeretur,

368 3536 494 3581 necesse
514 3511 575 3581 fuit
595 3512 719 3580 Italiam
734 3514 767 3580 in
787 3536 886 3580 unam
909 3515 1071 3581 civitatem
1087 3515 1277 3583 convenisse
1292 3534 1324 3582 et
1339 3538 1454 3582 omnes
1469 3538 1542 3605 per-

368 3638 532 3728 quisivisse
555 3639 641 3704 viros
662 3638 730 3726 qui,
756 3638 923 3724 praeteritis
948 3637 1162 3725 temporibus,
1186 3639 1246 3706 sibi
1269 3638 1389 3729 aliquid
1414 3637 1538 3728 decoris

369 3760 566 3842 addiderint,
594 3761 700 3828 debita
731 3761 883 3829 simulet
914 3762 1127 3852 antiquorum
1156 3778 1188 3829 et
1220 3765 1437 3830 recentiorum
1470 3762 1539 3829 sol-

368 3904 513 3952 ventem.

412 4009 503 4076 Licet
520 4028 630 4076 autem
651 4006 807 4075 Goldonii
827 4029 950 4074 nomen
969 4009 1088 4076 iterum
1108 4008 1261 4097 populare
1276 4008 1373 4076 hodie
1395 4013 1449 4095 sit,
1471 4011 1538 4098 ejus

365 4131 481 4200 fabulae
504 4156 571 4200 non
593 4131 712 4198 idcirco
738 4130 936 4220 frequentius
960 4132 995 4198 in
1013 4130 1138 4217 italicis,
1154 4134 1251 4201 etiam
1273 4134 1412 4215 venetis,
1427 4136 1538 4202 scaenis

368 4259 578 4325 recitantur&
596 4254 727 4323 Colitur
740 4256 836 4322 inerti
851 4254 989 4345 quadam
1007 4258 1136 4346 pietate,
1152 4238 1372 4324 sacerdotibus
1388 4277 1424 4325 ac
1444 4259 1539 4325 sacris

368 4415 579 4426 ——u—

405 4509 428 4551 r.
446 4495 548 4561 Statua,
574 4512 634 4566 quae
653 4494 799 4548 Florentiae
815 4473 911 4563 surgit,
931 4509 1003 4548 auno
1020 4511 1046 4566 p.
1073 4492 1140 4550 Chr.
1168 4495 1246 4565 1873,
1271 4506 1298 4548 et
1323 4513 1383 4568 quae
1406 4496 1537 4563 Veneriis,

370 4600 443 4637 anno
461 4584 528 4639 1880
542 4597 674 4638 exstructa
687 4595 735 4639 est.

403 4706 429 4746 2.
456 4691 580 4762 Exceptis
597 4701 689 4744 tamen
709 4688 884 4761 popularibus
898 4688 1005 4756 fabulis,
1021 4706 1088 4762 ¹quae
1106 4705 1304 4762 nonnunquam
1318 4690 1450 4763 frequenti
1472 4705 1536 4744 con·

368 4793 441 4833 sessu
457 4778 545 4833 adhuc
560 4790 684 4849 aguntur.
