3588 5680
815 1197 896 1266 VIII
999 1199 1007 1212 “

454 1521 502 1566 ΒΕ
533 1518 745 1568 GOLDONIO
778 1519 996 1570 GALLORUM
1033 1520 1260 1570 IMITA'I'ORE

318 2244 332 2275 ι
351 2214 477 2282 Italicus
493 2215 646 2284 Molierus
665 2245 679 2276 »
701 2216 876 2307 appellatur
896 2215 1096 2299 Goldonius,
1118 2234 1153 2284 ut
1176 2215 1330 2299 vidimus,
1345 2217 1380 2283 in
1398 2216 1440 2284 la·

271 2337 355 2426 pide,
372 2363 437 2430 quo
454 2341 590 2409 Lutetiae
602 2342 686 2411 illius
702 2343 859 2411 memoria
875 2361 1036 2424 servatur,
1053 2363 1238 2432 quanquam
1251 2359 1281 2408 et
1296 2340 1362 2430 ipse
1372 2359 1440 2408 ran·

273 2481 338 2529 tam
356 2461 484 2532 laudem
504 2488 563 2555 pro
585 2466 706 2533 meritis
726 2467 791 2534 suis
813 2467 948 2534 nimiam
972 2487 1039 2533 esse
1064 2463 1255 2533 fatebatur¹.
1281 2461 1441 2532 Gallicum

272 2589 358 2655 enirn
380 2589 542 2658 cornicum
561 2589 600 2660 ad
618 2591 650 2658 id
668 2589 798 2660 virtutis
814 2589 978 2682 fastigium
998 2591 1181 2681 pervenisse
1200 2587 1301 2656 aiebat
1313 2599 1337 2671 ²,
1353 2585 1441 2678 quod

274 2734 453 2782 monstrare
472 2733 600 2783 tantum
620 2716 745 2806 antiqui
763 2716 936 2801 valuerint,
957 2715 1079 2784 nedum
1102 2715 1321 2782 recentiorum
1340 2713 1439 2780 ceteri

273 2838 447 2927 attigerint.
475 2839 593 2908 Fabula
616 2840 805 2925 molieram,
828 2842 880 2909 cui
901 2844 1124 2931 Μισάνθρωπος
1148 2836 1274 2923 titulus,
1298 2837 1342 2906 illi
1363 2860 1442 2928 prae·

272 2964 382 3031 sertim
407 2965 644 3033 exactissimum
669 2988 750 3056 opus
774 2965 959 3051 videbatur,
986 2966 1074 3056 quod
1099 2965 1273 3053 saepissime
1300 2962 1440 3050 lectum,

273 3105 445 3179 antequam
459 3090 492 3157 in
514 3089 652 3158 Galliam
673 3092 811 3174 veniret,
832 3114 918 3159 nova
937 3112 1064 3180 semper
1086 3087 1254 3178 voluptate
1275 3088 1444 3155 recitatum

272 3211 448 3281 audiebam.
465 3213 593 3282 Molieri
611 3242 627 3298 <5
644 3213 814 3283 alumnum
831 3232 958 3282 tanturn
974 3236 1007 3281 se
1022 3215 1285 3303 imitatoremque
1303 3236 1318 3276 n
1337 3212 1447 3280 vocari

274 3336 409 3419 sinebat,
425 3361 484 3406 nec
505 3357 614 3407 autem
635 3340 703 3428 qui,
728 3361 896 3407 servorum
920 3337 1036 3422 mod0‚
1066 3338 1211 3425 magistri
1235 3337 1377 3424 vestigiis
1396 3337 1446 3402 in·

274 3479 370 3530 staret
378 3488 388 3545 ;
410 3464 538 3532 Molieri
553 3464 641 3531 enim
664 3462 847 3554 exemplum
864 3462 1049 3530 Goldonius
1076 3463 1216 3529 maxime
1238 3479 1368 3528 secutus
1385 3479 1444 3546 est,

274 3610 347 3654 cum
364 3586 423 3655 sibi
439 3588 636 3657 comoediam
651 3589 775 3657 indoles
789 3606 1028 3671 retractantem,
1046 3585 1172 3669 fabulis,
1190 3609 1263 3675 quae
1279 3586 1448 3674 implicatis

275 3711 441 3780 eventibus
463 3733 629 3799 constent,
649 3713 818 3804 praevalere
841 3712 972 3802 placuit,
992 3711 1138 3799 magistri
1164 3730 1310 3779 ceterum
1335 3707 1450 3799 agendi

275 3837 432 3904 rationem
447 3839 557 3927 potius
572 3860 670 3928 quarn
684 3837 921 3907 comoediarum
937 3855 1128 3927 argumenta
1143 3835 1342 3904 imitaturus.

319 3963 498 4054 Utriusque
512 3987 589 4032 sane
608 3987 754 4054 personae
772 3983 876 4055 partes
897 3983 968 4031 suas
988 3963 1073 4029 intra
1091 3961 1293 4029 domesticos
1315 3956 1450 4057 parietes

275 4104 374 4176 agunt
389 4088 630 4180 ostenduntque
645 4107 804 4180 quantum
817 4088 970 4157 violentis
985 4083 1151 4154 affectibus
1176 4085 1294 4154 domus
1316 4103 1451 4154 contur-

275 4212 380 4296 betur,
396 4234 557 4305 quantum
571 4216 681 4305 patriae
694 4214 847 4304 potestati
860 4213 1076 4281 inveteratum
1093 4211 1212 4280 vitium
1230 4229 1357 4294 noceat,
1373 4208 1451 4278 dum

275 4357 441 4427 peccantes
456 4363 528 4410 eros
543 4341 713 4410 imitantur
727 4340 809 4408 servi
818 4365 827 4423 ;
852 4340 977 4427 majore
994 4355 1104 4406 autern
1126 4359 1202 4404 cura
1221 4353 1311 4404 cavet
1330 4335 1452 4427 italicus

279 4521 489 4540 Μυ--ι--σ-ι-

314 4630 336 4669 1.
358 4614 505 4681 Mimoires,
520 4628 539 4672 t.
556 4617 604 4683 111,
620 4633 644 4687 p.
663 4632 705 4690 79.

312 4727 335 4767 2.
358 4713 440 4778 ibid,
457 4726 476 4770 r.
493 4716 515 4780 1,
531 4732 557 4786 p.
578 4729 636 4782 324.

314 4819 345 4880 3.'
360 4811 442 4874 thia,
457 4823 477 4868 t.
494 4812 542 4877 III,
559 4829 584 4882 p.
602 4827 645 4882 29.
