3588 5680
442 686 519 741 QUAE
544 683 620 732 SINT
645 686 824 732 PRAECIPUAE
848 683 1078 732 Gotmotttattffi
1103 683 1273 731 PERSONAE.
1320 630 1323 654 ⁴
1401 683 1439 749 91

276 823 309 888 in
333 819 422 890 Italia
442 821 574 905 viderit,
600 823 710 892 Gallos
734 825 924 913 expressisse
944 841 990 904 et,
1016 823 1254 912 cumprimum
1278 821 1441 888 Lutetiam

276 948 411 1029 venerit,
429 947 556 1037 culpam
569 947 657 1038 prius
676 948 847 1016 admissam
864 973 897 1015 se
911 949 1093 1036 agnovisse,
1110 966 1224 1035 utpote
1239 946 1294 1036 qui
1310 945 1442 1014 ridicula

277 1072 309 1138 in
337 1073 438 1160 patria
464 1095 520 1138 sua
547 1071 649 1139 derisa
678 1095 746 1140 non
779 1075 843 1161 jam
878 1072 1110 1158 conspexerit3
1143 1069 1310 1138 concludit
1344 1071 1443 1158 igitur

276 1215 330 1262 aut
346 1195 515 1264 Gallorum
530 1196 677 1263 habitum
692 1196 918 1286 cogitandique
932 1195 1070 1263 modum
1093 1195 1231 1262 omnino
1250 1196 1394 1284 quinque
1410 1212 1442 1262 et

276 1320 389 1408 viginti
401 1338 474 1407 post
490 1319 581 1385 annis
594 1337 736 1386 mutatos
751 1319 857 1403 fuisse,
874 1338 931 1387 aut
951 1320 1044 1386 nobis
1060 1318 1181 1406 placere
1197 1317 1281 1405 apud
1296 1337 1442 1386 externas

275 1464 387 1532 gentes
402 1445 556 1510 vitiorum
570 1443 828 1530 affectationem,
838 1445 953 1534 quibus
970 1466 1078 1511 revera
1092 1464 1249 1509 caremus.

321 1568 447 1635 Harum
467 1569 661 1655 opinionum
685 1567 794 1650 altera,
820 1588 855 1635 ut
880 1568 1019 1651 videtur,
1043 1567 1148 1634 inanis
1171 1585 1233 1650 est,
1258 1564 1354 1632 altera
1376 1566 1443 1632 veri

276 1694 372 1759 etiarn
382 1690 576 1760 dissimilior.
590 1693 701 1760 Tertia
715 1711 824 1774 restat,
842 1696 932 1780 cujus
947 1693 1072 1759 mentio
1088 1713 1154 1758 non
1171 1689 1226 1758 fit:
1246 1688 1370 1771 Gallos,
1387 1690 1443 1778 qui

275 1815 382 1881 solum
405 1835 551 1900 vertant,
576 1818 680 1902 gentis
703 1841 769 1884 suae
792 1839 860 1883 non
885 1817 1027 1903 optimos
1051 1815 1240 1904 plerumque
1264 1836 1332 1880 esse
1354 1831 1385 1880 et
1408 1814 1443 1880 in

276 1938 414 2006 Galliam
431 1939 627 2006 veniendum
644 1959 691 2022 ut,
709 1960 867 2031 quantum
884 1939 1056 2022 valeamus,
1079 1940 1175 2007 ceteri
1195 1937 1305 2027 populi
1324 1959 1442 2024 agnos-

275 2081 358 2130 cant.
377 2063 474 2130 Patrii
491 2064 578 2130 enim
594 2063 686 2130 nobis
703 2082 810 2132 tantus
830 2087 923 2132 amor
941 2064 1015 2146 soli,
1036 2082 1071 2130 ut
1090 2062 1156 2130 fere
1177 2062 1214 2130 ad
1236 2062 1323 2128 hunc
1342 2061 1441 2143 diem,

275 2188 330 2277 qui
350 2187 561 2275 cogebantur.
585 2206 714 2254 tantum
734 2190 1032 2277 peregrinarentur;
1057 2187 1119 2254 hoc
1142 2186 1275 2277 quidem
1296 2184 1443 2273 explicari

275 2329 383 2401 potest
400 2331 466 2378 tam
482 2335 565 2400 saepe
579 2309 616 2378 ab
632 2314 772 2380 externis
792 2311 874 2379 male
893 2311 932 2381 de
955 2311 1048 2380 nobis
1068 2311 1242 2400 judicatum
1265 2334 1345 2400 esse,
1367 2333 1442 2376 cum

275 2455 385 2502 nostra
394 2459 466 2503 vera
475 2436 600 2503 indoles
611 2438 826 2524 ignoraretur.
840 2436 988 2526 Quoquo
1000 2455 1107 2502 tamen
1117 2435 1218 2523 modo
1228 2458 1278 2502 res
1288 2459 1321 2501 se
1332 2433 1441 2516 habet,

274 2559 497 2628 confitendum
512 2581 558 2628 est
580 2561 737 2628 nonnulla
751 2558 955 2628 Goldonium
972 2583 1045 2626 vere
1064 2579 1095 2626 et
1110 2579 1223 2648 argute
1237 2557 1441 2624 animadver-

275 2685 367 2772 tisse:
387 2684 582 2766 molestiam,
598 2684 733 2774 exempli
747 2686 861 2773 gratia,
875 2685 985 2751 Gallos
1002 2685 1175 2772 peregrinis
1192 2681 1440 2770 saepiusafferrc,

274 2809 390 2896 quibus
405 2828 518 2876 contra
534 2810 657 2898 placere
671 2808 819 2892 student,
839 2808 983 2876 moribus
1003 2810 1067 2875 suis
1086 2807 1169 2875 ultra
1183 2806 1328 2875 laudatis.
1349 2807 1441 2895 Lepi·

272 2931 442 3014 dissimum
465 2935 553 3000 enim
577 2933 767 3001 arbitramur
786 2933 890 2999 dicere
910 2955 965 2999 eos
992 2933 1095 2999 nostri
1115 2930 1294 2998 simillimos
1307 2943 1338 3014 ¹;
1364 2953 1441 2998 usus

273 3079 378 3124 novos
397 3056 598 3140 fastidimus;
620 3055 729 3141 dotes,
754 3059 803 3125 vel
825 3059 994 3141 minimas,
1019 3056 1221 3140 extollimus,
1245 3055 1360 3146 quibus
1381 3078 1442 3123 nos

274 3182 385 3247 ceteris
399 3200 547 3268 praestate
561 3182 688 3270 populis
705 3183 924 3247 existimamus
936 3193 959 3248 ².

318 3306 387 3373 Nec
407 3307 545 3372 nimium
570 3306 618 3374 his
641 3305 869 3386 insistendum,
895 3328 971 3371 nam
994 3307 1028 3372 in
1051 3306 1166 3394 prima,
1190 3325 1288 3392 quam
1304 3303 1441 3370 Lutetiae'

275 3428 397 3510 docuit,
412 3427 529 3511 sabula,
545 3452 636 3497 reum
651 3452 685 3496 se
700 3448 793 3496 antea
803 3429 967 3496 confessus
982 3449 1030 3496 est
1042 3427 1240 3509 Goldonius,
1252 3425 1441 3516 culpamque

274 3572 482 3622 excusaturus
497 3553 657 3637 laudibus,
672 3579 744 3644 quae
759 3554 922 3622 nonnullis
934 3553 1234 3641 intemperantiores
1245 3552 1319 3618 visae
1330 3569 1407 3618 sunt
1417 3563 1440 3634 ³,

279 3699 486 3712 ——-————-

314 3789 336 3828 1.
357 3773 395 3826 La
408 3771 502 3826 vadona
515 3774 607 3829 scaltra
619 3776 691 3844 (Act.
710 3777 732 3841 Ι,
748 3794 784 3832 sc.
805 3777 848 3845 1):

310 3860 442 3914 Monsiear
455 3862 489 3914 Le
502 3862 567 3915 Blau
579 3894 614 3903 -
629 3883 643 3913 <r
659 3862 758 3928 Quella
773 3862 843 3917 bella
857 3864 1006 3920 vedova„..
1021 3877 1118 3934 pareva
1132 3869 1185 3916 u'na
1198 3862 1344 3926 Francesa3
1357 3864 1440 3914 aveva'

277 3959 345 4001 tutto
360 3949 379 4002 il
393 3949 451 4003 brio
466 3949 534 4004 delle
548 3951 764 4005 Mademoiselles
777 3952 841 4022 (sic)
856 3951 883 4004 di
896 3952 915 4004 F
919 3952 1017 4007 rancia.
1026 3999 1029 4006 .
1038 3999 1054 4008 ,,
1074 3972 1088 4002 »
1349 3939 1357 3954 ’

312 4081 336 4121 a.
358 4065 422 4122 ibid,
440 4095 475 4106 -
490 4085 505 4115 «
521 4067 624 4130 Questa
638 4083 731 4120 cenae
745 4079 813 4121 stata
827 4065 968 4137 passabile,
986 4083 1030 4122 ma
1045 4067 1088 4119 voi
1103 4065 1163 4120 altri
1172 4066 1278 4120 Italiani
1294 4082 1350 4118 non
1363 4076 1440 4118 avete

277 4152 321 4204 nel
335 4155 473 4224 mangiare
486 4154 505 4206 il
521 4155 594 4207 buon
609 4168 688 4224 gusto
704 4155 730 4208 di
746 4156 866 4212 Francia,

310 4275 346 4286 —
360 4247 496 4300 Abbiamo
511 4246 596 4300 anche
611 4249 657 4301 noi
672 4245 712 4301 de'
729 4249 825 4301 cuochi
840 4249 981 4302 Francesil

311 4362 345 4372 -
360 4333 415 4388 Ehl
427 4335 458 4399 si,
476 4351 520 4388 ma
534 4334 642 4405 quando
657 4351 783 4405 vengono
798 4339 826 4388 in
842 4336 928 4402 Italia,
944 4336 1065 4407 perdono
1080 4335 1106 4389 la
1122 4335 1212 4389 buona
1227 4337 1347 4388 maniera
1361 4334 1386 4386 di
1398 4347 1442 4386 cu·v
1511 4367 1515 4374 -

275 4421 374 4476 cinare.
387 4422 413 4476 O
430 4438 458 4474 se
472 4425 580 4476 sentiste
594 4439 672 4476 come
687 4423 708 4476 si
725 4425 834 4493 mangia
850 4442 864 4476 a
879 4425 982 4494 Parigi!
1002 4426 1040 4478 La
1056 4427 1070 4477 ὲ
1084 4425 1154 4477 dove
1168 4425 1190 4476 si
1204 4422 1315 4476 raffinan
1329 4421 1355 4474 le
1370 4437 1440 4495 cose.

312 4539 345 4550 -
364 4511 417 4562 Voi
437 4510 496 4563 altri
515 4511 646 4576 ancesi,
668 4523 744 4564 avete
765 4524 857 4581 questa
881 4511 1045 4566 malinconia
1064 4514 1092 4566 in
1114 4528 1191 4582 capo,
1212 4511 1261 4564 che
1281 4527 1337 4563 non
1354 4509 1380 4561 vi
1403 4509 1441 4562 sia

277 4598 346 4652 altro
361 4598 464 4651 mondo
475 4599 524 4652 che
539 4599 660 4668 Pangim
679 4619 693 4649 »
1420 4615 1423 4620 ·

315 4733 338 4786 3;
360 4714 476 4780 Grimm,
491 4713 704 4784 Corraspondance
718 4714 851 4770 litte'raire.
870 4715 920 4770 Ed.
934 4714 1091 4782 Tourneux,
1106 4725 1125 4771 t,
1138 4714 1173 4779 V,
1183 4731 1210 4784 p,
1226 4711 1286 4783 276.
1297 4711 1367 4786 Vide
1378 4723 1442 4782 praa·

278 4807 386 4857 sertim:
402 4803 504 4856 L’amor
513 4809 630 4874 paterno,
644 4803 707 4857 Act.
725 4805 761 4868 11,
778 4820 814 4859 sc.
835 4823 847 4872 5
864 4815 890 4856 et
908 4819 947 4859 11.
