3588 5680
302 625 342 709 76
474 643 726 691 un.oouuou10
751 645 894 692 raantcn
918 645 1039 693 scona
1063 645 1302 695 CORRECTORE.

301 781 409 863 rium3
441 782 570 848 evanuit
598 800 739 864 tantum,
760 781 987 872 adjuvantibus
1006 783 1136 852 Parinio
1158 782 1373 874 Alfierioque,
1396 808 1470 852 cum

300 906 452 993 antiquus
468 924 568 972 status
584 906 677 973 novis
693 905 786 974 rebus
804 924 948 974 mutatus
962 925 1021 976 est.
1041 907 1154 996 Usque
1168 909 1257 975 enim
1269 908 1310 976 ad
1328 907 1360 978 id
1383 927 1468 976 tem-

300 1029 387 1116 poris
401 1050 470 1096 non
481 1031 587 1096 minus
602 1029 787 1118 putidarum
804 1029 1059 1120 molliorumque
1074 1032 1309 1100 sententiarum
1325 1051 1469 1100 amantes

300 1150 372 1218 Itali
386 1151 518 1220 luerunt
534 1175 631 1242 quarn
648 1153 745 1234 Galli,
762 1153 918 1221 Germani
933 1171 987 1220 aut
1002 1154 1162 1232 Britanni,
1178 1154 1395 1243 omniumque
1409 1177 1469 1220 vo-

299 1273 460 1363 luptatum
476 1274 583 1364 cupidi
596 1275 714 1343 Veneti
728 1295 760 1343 et
774 1276 979 1344 lacrimarum
995 1275 1199 1344 dulcedinem
1214 1275 1339 1365 plenius
1355 1275 1469 1363 degus-

298 1397 421 1482 tabant,
438 1402 528 1488 cujus
542 1400 588 1467 rei
605 1398 780 1488 permultas
801 1400 986 1467 occasiones
1007 1398 1130 1468 civibus
1149 1400 1214 1466 suis
1234 1398 1368 1488 praebuit
1389 1398 1469 1468 Gol-

300 1521 428 1590 donius.
447 1522 675 1590 Plaudentibus
690 1523 935 1611 spectatoribus,
953 1520 1082 1590 Pamela
1092 1534 1116 1604 ¹,
1127 1522 1241 1590 flebilis
1256 1522 1467 1591 Richardsoni

299 1644 375 1726 filia,
392 1663 424 1713 et
441 1647 474 1713 in
496 1646 605 1713 Sancti
629 1646 724 1713 lucae
746 1669 850 1714 scaena
873 1664 999 1714 castum
1022 1645 1172 1714 dolorem
1195 1669 1335 1736 ergaque
1355 1648 1400 1714 eri
1420 1647 1467 1713 sui

299 1768 402 1836 filium
419 1791 565 1837 amorem
580 1768 736 1852 ostendit,
752 1793 828 1837 cum
843 1770 980 1839 Voltarii
994 1771 1129 1852 Scotum,
1147 1772 1316 1852 nonsatis,
1333 1789 1369 1838 ut
1383 1770 1469 1836 vide·

299 1911 364 1972 tur,
380 1892 485 1979 gallici
500 1893 664 1982 scriptoris
682 1895 851 1983 proposito
865 1893 1045 1977 intellecto,
1062 1893 1338 1962 inlacrimabilem
1358 1915 1468 1983 quam·

299 2016 373 2084 dam
401 2015 542 2086 fabulam
569 2018 759 2086 'Goldonius
788 2020 1015 2102 mutavisset²;
1041 2017 1145 2086 multa
1172 2017 1316 2106 ejusdem
1343 2018 1468 2106 generis

300 2141 441 2228 scripsit³
464 2157 586 2223 noster,
604 2141 643 2208 de
663 2140 791 2230 quibus,
807 2159 842 2208 ut
863 2164 960 2230 quam
980 2141 1123 2208 maxime
1143 2141 1171 2208 ei
1189 2139 1325 2223 faveam,
1342 2139 1466 2223 tacebo,

300 2287 341 2331 ne
356 2263 461 2330 dicere
475 2286 572 2351 cogar
582 2285 741 2352 quantum
755 2264 875 2350 judicio
892 2265 1041 2348 caruerit,
1058 2287 1156 2354 quam
1172 2283 1323 2332 contorte
1338 2262 1467 2331 affectus

300 2388 453 2466 moverit,
468 2411 566 2476 quarn
581 2389 647 2454 veri
662 2386 831 2456 dissimilia
845 2387 1036 2477 prodiderit,
1052 2411 1152 2477 quam
1166 2411 1286 2454 vacuus
1301 2389 1333 2454 in
1348 2385 1468 2456 indoli·

300 2508 359 2577 bus
374 2511 548 2578 tractandis
562 2509 668 2579 fuerit.

645 2839 662 2929 §
682 2860 709 2928 5.
727 2880 771 2889 -
784 2811 834 2906 De
850 2839 953 2908 ceteris
967 2839 1118 2930 operibus.

344 3094 435 3163 Idem
446 3094 669 3163 confitendum
681 3114 729 3163 est
739 3095 778 3163 de
789 3095 955 3164 nonnullis
970 3093 1121 3164 fabulosis
1136 3095 1317 3178 comoediis,
1330 3119 1473 3186 quarum-

300 3221 431 3286 materia
447 3219 636 3310 plerumque
655 3242 673 3286 a
689 3216 809 3306 gallicis
827 3219 1037 3308 scriptoribus
1057 3239 1197 3308 sumpta,
1214 3240 1269 3287 aut
1291 3242 1375 3310 quae,
1393 3242 1468 3287 cum

298 3363 402 3432 poetae
416 3344 553 3432 propriae
572 3363 666 3426 sunt,
688 3344 822 3410 nimiam
841 3345 1124 3433 intemperantiam
1144 3357 1336 3412 testantur⁴.
1356 3344 1392 3410 Si
1406 3366 1469 3432 qua

299 3486 407 3553 tamen
428 3468 572 3557 exceptio
592 3467 660 3534 fieri
679 3486 798 3557 potest,
820 3469 977 3536 Persicam
1001 3491 1127 3536 uxorem
1150 3489 1333 3557 proponam
1356 3468 1468 3534 ceteris

299 3591 441 3678 ejusdem
452 3590 578 3679 generis
589 3590 702 3659 fabulis
716 3589 971 3674 anteferendam,
984 3614 1056 3679 quae
1072 3590 1189 3658 tribus⁵
1205 3589 1375 3658 comoediis
1390 3612 1467 3656 con·

298 3778 511 3787 ——-.

337 3909 359 3948 1.
382 3891 484 3946 Pamela
496 3891 599 3962 (1750l
626 3893 692 3962 Ejus
707 3890 804 3946 fabulae
830 3908 957 3963 personas
972 3891 1000 3944 in
1016 3890 1069 3944 alia
1088 3891 1235 3956 comoedia,
1260 3891 1336 3959 cujus
1359 3901 1469 3942 eventus

299 3981 381 4051 priori
397 3983 596 4045 continuantur,
612 3980 800 4034 reviviscentes
815 3978 926 4050 protulit
941 3977 1218 4046 Goldonius(Pamela
1231 3979 1376 4047 maritata).
1388 3978 1469 4031 Eam-

299 4068 361 4123 dem
370 4070 451 4123 etiarn
460 4069 602 4123 materiam
610 4069 732 4122 cantibus
742 4067 892 4121 ornandam
902 4067 1053 4120 retractavit
1062 4066 1202 4136 (Mbuona
1211 4065 1337 4137 figliuola,
1345 4065 1469 4118 dramma

297 4159 413 4230 giocoso
426 4175 473 4230 per
488 4158 610 4228 musica).
642 4211 645 4215 .

334 4279 357 4318 2.
377 4263 415 4316 la
429 4263 545 4334 Scopae.
560 4262 622 4318 Vid,
641 4263 787 4327 Me'moires,
803 4274 823 4318 t.
839 4263 874 4327 11,
892 4279 917 4332 p.
938 4277 948 4330 3
955 4279 998 4331 51.

336 4389 358 4441 3.
380 4372 418 4424 La
432 4386 505 4424 serva
513 4385 637 4433 amorosa,
647 4369 685 4422 La
698 4367 791 4438 moglie
799 4370 900 4438 saggia,
911 4369 950 4421 La
958 4367 1037 4439 figlia
1046 4367 1194 4431 obhediente,
1206 4367 1243 4420 la
1257 4366 1341 4419 danna
1350 4367 1464 4436 biparra,

297 4459 335 4513 La
348 4458 431 4513 donna
440 4459 520 4529 sorta,
537 4457 637 4511 L'ereda
645 4455 793 4526 fortunata,
807 4456 846 4508 Ia
860 4456 947 4508 madre
960 4471 1084 4519 amorosa,
1101 4455 1147 4508 Gli
1163 4456 1330 4517 innumorati,
1346 4466 1396 4508 etc.

332 4583 357 4632 4.
379 4567 417 4619 La
430 4563 493 4618 bella
504 4564 644 4635 seluaggia,
660 4563 698 4615 La
713 4561 874 4625 Dalmalina,
893 4559 917 4614 Il
928 4563 1004 4631 genio
1019 4561 1098 4614 buono
1113 4560 1156 4613 eil
1163 4563 1238 4631 genio
1248 4557 1354 4626 carlina,
1365 4560 1468 4614 L'irtro·

295 4657 372 4728 gnita
381 4657 565 4726 perseguitata,
580 4665 631 4708 etc.

336 4777 360 4828 5.
380 4760 418 4812 La
431 4769 500 4832 spara
511 4761 638 4831 persiana,
656 4759 747 4812 Ircana
762 4770 790 4811 aa
805 4757 887 4828 laisa,
903 4757 995 4811 lreana
1009 4758 1038 4810 ia
1052 4755 1171 4827 Ispahan.
