3588 5680
354 636 412 701 126
523 651 566 700 DE
593 651 774 699 GOLDONIO
800 651 942 701 matteas
966 653 1087 702 SCAENAE
1111 651 1352 703 CORRECTORE.

348 790 562 859 valedixerit¹.
587 790 716 874 Quibus
735 790 892 859 molestiis
910 791 1096 860 addendum
1116 791 1254 861 domum
1272 794 1374 882 ipsam
1389 812 1519 862 contur-

349 914 456 985 batam
470 933 502 984 et
517 937 550 983 se
563 912 603 982 ab
617 915 775 984 invidiosa
798 915 932 985 muliere
946 917 1124 1008 torqueri²,
1146 940 1230 1008 quae,
1251 919 1349 1007 justas
1370 916 1519 987 affectans

348 1041 489 1131 nuptias,
507 1040 670 1128 juniorem
684 1041 970 1132 venustioremque
986 1039 1098 1110 filiam!
1116 1039 1234 1111 oderit.

394 1166 473 1233 Haec
494 1167 558 1255 jam
582 1165 615 1232 in
641 1164 781 1234 secunda
804 1187 907 1234 scaena
931 1183 1073 1256 apparet,
1098 1164 1152 1235 ubi
1177 1165 1334 1234 maturius
1358 1165 1519 1236 illiberali-

349 1307 461 1380 terque
481 1288 628 1358 festivam
648 1313 680 1356 se
704 1289 860 1358 ostendit.
886 1290 1062 1358 Molierum
1083 1309 1169 1359 amat
1190 1313 1324 1381 remque
1346 1310 1455 1382 aperte
1476 1291 1521 1358 illi

348 1413 499 1499 declarat,
514 1415 647 1505 quicum
662 1413 863 1482 connubium
878 1416 978 1503 cupit,
995 1433 1030 1482 ut
1049 1416 1159 1483 matris
1173 1432 1367 1505 potestatem
1388 1413 1520 1505 effugiat

348 1557 444 1636 atque
460 1539 493 1604 in
514 1539 650 1605 scaenico
667 1560 764 1627 grege
778 1539 896 1628 primas
911 1557 1015 1627 partes
1030 1556 1149 1607 teneat.
1168 1539 1262 1608 Redit
1278 1537 1412 1607 tandem
1426 1539 1519 1610 Vale·

348 1663 425 1744 rius,
437 1661 520 1751 regis
530 1664 654 1751 jussum
669 1639 817 1742 afferens,
831 1685 897 1752 quo
907 1661 1046 1731 fabulam
1057 1663 1181 1731 recitari
1195 1662 1281 1731 licet.
1296 1663 1423 1731 Eodem
1439 1681 1519 1732 tem·

349 1786 435 1875 poris
453 1802 577 1875 puncto
597 1785 684 1854 Pirlo
704 1786 812 1875 prodit
830 1785 1055 1879 secundusque
1068 1805 1170 1870 actus,
1188 1789 1341 1856 omnium
1361 1789 1518 1877 optimus,

348 1913 416 1999 ejus
436 1908 575 1979 artificiis
594 1908 793 2001 occultisque
811 1909 974 1980 fraudibus
992 1912 1157 2003 impletur.
1179 1913 1279 1981 Dives
1293 1930 1467 1998 mercator,
1488 1932 1520 1981 et

347 2038 432 2107 inter
447 2039 582 2107 civitatis
598 2060 746 2129 proceres
762 2055 963 2120 numeratus,
979 2038 1066 2106 Pirlo
1087 2039 1120 2105 in
1135 2038 1264 2107 Molieri
1283 2038 1423 2107 domum
1437 2037 1519 2107 clam

347 2163 470 2252 irrepit,
486 2186 522 2230 ac
537 2163 680 2253 primum
696 2162 734 2230 ab
750 2161 858 2230 officio
873 2176 1015 2231 servam⁴
1032 2165 1160 2248 avertit,
1178 2163 1339 2254 pollicitus
1353 2167 1421 2255 ejus
1435 2164 1519 2255 apud

348 2289 559 2377 semetipsum
580 2287 749 2354 meliorem
768 2286 992 2364 conditionem
1011 2286 1098 2371 lore,
1117 2311 1188 2379 quae
1208 2289 1305 2356 unius
1326 2289 1384 2357 viri
1403 2311 1519 2378 procu·

349 2413 445 2480 ratrix
455 2410 523 2496 fiat,
536 2411 656 2479 nedum
672 2410 794 2489 duabus
809 2409 950 2496 feminis,
962 2410 1021 2480 alia
1036 2419 1111 2480 cum
1125 2412 1223 2481 altera
1239 2413 1418 2482 simultates
1428 2436 1518 2482 exer·

348 2553 452 2618 cente,
469 2537 584 2604 serviat
604 2538 736 2627 ejusque
754 2558 840 2621 erus,
857 2555 971 2605 natura
986 2537 1171 2621 iracundus,
1190 2561 1265 2606 cum
1282 2561 1392 2605 versus
1408 2561 1519 2606 secum

348 2661 535 2746 meditetur,
551 2662 702 2728 miseram
718 2662 873 2751 increpet.

393 2787 583 2856 Guerrinae5
603 2787 723 2854 amoris
746 2786 795 2854 sui
811 2787 845 2854 in
865 2785 1041 2854 Mulierum
1063 2785 1300 2855 confessionem
1316 2787 1517 2856 callidissime

347 2930 517 3003 extorquet
534 2909 620 2978 Pirlo
635 2934 771 3000 eamque
786 2912 935 2979 hortatur
950 2930 986 2979 ut
1001 2930 1105 2979 artem
1125 2912 1297 3002 relinquat,
1319 2936 1381 3003 qua
1400 2931 1518 2981 aeterna

348 3038 431 3104 salus
453 3037 486 3104 in
508 3034 607 3103 dubio
622 3052 777 3103 versetur.
803 3035 946 3124 Virginis
968 3053 1106 3105 matrem
1127 3036 1260 3105 tandem
1279 3038 1353 3105 visit
1367 3035 1518 3128 illamque

348 3160 388 3228 de
408 3159 537 3228 Molieri
561 3159 690 3228 occulto
714 3182 790 3226 cum
812 3158 876 3227 filia
898 3162 1095 3228 commercio
1122 3163 1294 3230 certiorem
1317 3160 1404 3244 facit,
1429 3159 1518 3252 quod

348 3282 467 3373 perfide
486 3282 578 3374 culpa
594 3306 732 3350 vacuum
747 3305 814 3352 esse
830 3307 964 3374 negans,
987 3284 1075 3353 addit
1093 3303 1224 3374 poetam
1240 3309 1314 3353 cum
1334 3286 1459 3373 virgine
1478 3283 1518 3352 de

347 3427 466 3510 secreta
482 3407 570 3497 fuga,
582 3407 770 3477 Simulatore
786 3428 860 3478 ante
875 3409 1034 3499 populum
1051 3428 1194 3500 peracto,
1211 3411 1412 3477 convenisse.
1430 3409 1518 3492 Qui-

347 3533 407 3601 bus
428 3532 557 3618 auditis,
578 3551 681 3622 partes
701 3556 771 3600 suas
790 3534 824 3601 in
844 3556 929 3602 nova
948 3533 1109 3602 comoedia
1132 3557 1166 3601 se
1189 3531 1392 3602 defensuram
1416 3550 1519 3601 mater

348 3678 444 3746 negat
469 3656 633 3748 filiamque
656 3656 811 3726 abducere
835 3656 998 3741 decernit,
1024 3659 1213 3726 missionem
1236 3681 1326 3726 serva
1350 3655 1516 3746 efflagitat,

279 3838 280 3841 ,
348 3782 589 3873 lllolierumque
603 3779 781 3871 desperatio
803 3780 936 3865 invadit,
958 3782 1060 3875 quod,
1077 3783 1341 3874 frequentissimo
1365 3804 1518 3851 consessu

385 4031 407 4071 1.
429 4015 479 4070 His
494 4015 581 4069 verbis
595 4015 645 4069 sibi
661 4016 709 4087 ipsi
724 4013 877 4070 Goldonius
892 4013 997 4080 alludit,
1013 4015 1059 4087 qui
1074 4013 1208 4086 plurimos
1227 4030 1315 4068 annos
1334 4030 1427 4069 causas
1441 4031 1519 4086 pero-

345 4115 463 4171 raverat,
484 4121 546 4158 cum
567 4104 714 4169 Mollerus,
736 4102 799 4157 licet
820 4105 863 4174 jus
884 4101 1033 4169 didicisset,
1055 4104 1194 4157 neminem
1207 4114 1278 4175 ‘ante
1299 4101 1400 4174 judices
1425 4102 1518 4158 delen-

346 4192 435 4247 disset.
1245 4203 1248 4209 '

384 4325 407 4366 2.
430 4306 581 4362 Madeleine
598 4309 688 4376 Bejart

385 4434 407 4488 3.
429 4415 577 4473 Armande.

380 4538 406 4589 4.
428 4523 467 4576 La
483 4522 574 4575 Foret.

382 4645 405 4696 5.
426 4625 563 4682 Atnrande
582 4626 678 4696 Bejart.
696 4625 867 4695 Cuicumque
886 4635 983 4678 notum
1001 4621 1109 4680 Molieri
1124 4623 1239 4695 'viduam
1261 4627 1389 4681 comoedo
1411 4649 1424 4678 «
1443 4628 1517 4682 Gud-

344 4719 385 4769 rin
400 4740 412 4766 n
430 4718 526 4770 iterum
539 4717 666 4787 nupsisse.
686 4717 776 4780 Quam
793 4714 862 4768 sorte
878 4714 913 4767 ob
928 4731 1036 4768 causam
1053 4733 1066 4762 «
1082 4714 1221 4768 Armande
1234 4716 1330 4786 'Be'jart
1346 4737 1359 4766 n
1377 4716 1404 4769 in
1420 4715 1517 4788 goldo-

344 4807 423 4859 niana
438 4805 573 4859 comoedia
589 4825 603 4857 r<
619 4805 750 4859 Guerrina
766 4824 780 4856 u
797 4802 955 4875 appellatur.
