3600 5682
342 640 384 706 24
523 642 565 688 DE
590 641 771 690 GOLDONIO
795 641 937 690 lTllLlCAE
961 643 1081 690 SCAENAE
1104 641 1329 691 CORRECTORE

342 779 421 864 Hic,
444 781 619 848 dramatico
641 799 852 867 argumento,
873 780 950 871 quid
971 804 1028 848 sua
1049 783 1207 849 sententia
1224 780 1388 848 comicum
1409 779 1496 849 thea-

341 923 428 971 trum
444 927 511 971 esse
524 903 649 985 debeat,
666 905 811 993 exponit,
827 928 863 972 ac
878 906 1018 994 singulas
1033 904 1151 972 indicat
1167 903 1408 973 emendationes
1422 927 1500 994 quas

340 1028 549 1116 produxerat.
566 1027 686 1118 Operae
702 1029 841 1120 pretium
860 1047 908 1098 est
928 1028 1024 1099 talem
1044 1027 1281 1098 confessionem
1300 1029 1499 1120 aliquantum

339 1175 462 1221 curare.

386 1277 505 1345 Fabula
518 1276 583 1346 fere
597 1276 683 1346 nulla
697 1295 757 1360 est,
773 1279 855 1346 utin
868 1277 1060 1367 quibusdam
1074 1276 1218 1366 ejusdem
1233 1278 1359 1366 generis
1373 1299 1499 1346 comoe-

341 1400 432 1483 diis¹,
449 1424 563 1491 resque
576 1403 610 1468 in
624 1403 695 1490 ipso
710 1403 836 1470 theatro
851 1402 968 1488 agitur,
989 1403 1068 1470 dum
1091 1402 1249 1470 docentur
1270 1419 1405 1470 actores.
1427 1403 1498 1470 Ho-

341 1547 414 1592 rum
428 1526 585 1613 princeps,
604 1524 759 1593 Horatius
773 1525 919 1608 nomine,
941 1525 1005 1592 dux
1023 1527 1128 1614 gregis
1148 1526 1272 1593 scaenici
1291 1524 1500 1615 simulatque

341 1650 574 1716 amatoriorum
596 1650 752 1736 juvenum
775 1667 880 1737 partes
899 1650 1089 1739 plerumque
1108 1649 1293 1730 defendens,
1311 1670 1416 1739 poetae
1432 1651 1500 1718 vice

340 1774 497 1862 loquitur,
519 1774 575 1862 qui
595 1796 663 1842 non
683 1790 824 1862 apparet,
847 1797 1033 1865 quanquam
1051 1773 1091 1841 de
1111 1797 1151 1844 eo
1173 1776 1242 1842 sine
1262 1775 1500 1844 intermissione

340 1900 456 1987 agitur.
470 1899 616 1983 Femina,
627 1921 699 1988 quae
708 1897 884 1987 puellarum
898 1921 1050 1989 personas
1060 1900 1094 1966 in
1103 1897 1216 1969 sabulis
1226 1917 1348 1982 tuetur,
1360 1899 1499 1984 Placida,

343 2024 436 2092 novis
453 2023 546 2091 rebus
560 2041 667 2112 aperte
682 2023 809 2092 studet:

384 2186 429 2198 -
446 2147 607 2231 «Taedet,
627 2148 702 2229 ait²,
718 2146 830 2215 eadem
851 2146 966 2216 millies
980 2147 1087 2216 videre
1105 2167 1137 2218 et
1157 2147 1276 2216 audire.
1301 2149 1386 2230 Quae
1410 2147 1500 2216 locu-

342 2288 432 2339 turus
447 2271 486 2339 sit
501 2268 710 2338 Arlecchinus
729 2292 847 2338 novere
861 2269 1022 2341 auditores
1042 2272 1129 2360 prius
1150 2272 1246 2339 etiam
1264 2294 1362 2360 quam
1377 2294 1416 2338 os
1430 2294 1500 2360 ape·

341 2396 412 2463 riat.
433 2394 516 2462 Mihi
532 2395 673 2463 ecastor!
693 2416 899 2483 summopere
917 2394 1019 2483 placet
1044 2395 1122 2464 alius
1145 2394 1278 2464 ludendi
1299 2396 1429 2477 modus,
1445 2394 1500 2463 sed

341 2537 502 2608 quantum
518 2519 556 2589 ad
571 2518 800 2606 extemporalia
813 2520 941 2600 attinet,
957 2519 1079 2588 valete!
1098 2545 1115 2583 u

387 2644 514 2714 Contra
534 2645 737 2712 Antoninus³
765 2645 916 2736 antiquos
941 2666 1049 2712 mores
1075 2643 1244 2712 desiderat.
1267 2681 1311 2696 -
1334 2669 1349 2706 u
1363 2644 1498 2727 Nostra,

341 2769 464 2837 hercle!
482 2791 533 2836 ars
548 2770 616 2836 istis
640 2766 893 2836 correctionibus
914 2769 1052 2835 omnino
1076 2784 1227 2855 cormpta
1246 2786 1305 2838 est.
1332 2766 1425 2834 Heul
1448 2789 1501 2834 me

340 2893 511 2959 misemm!
531 2891 696 2982 quondam
705 2889 911 2980 plaudebatur
921 2892 1053 2974 mimuS,
1065 2891 1179 2958 veteris
1188 2890 1500 2980 comoediaediscipli·

341 3040 417 3083 nam
437 3017 519 3084 bene
533 3016 661 3099 doctus,
677 3016 733 3105 qui
747 3038 785 3083 ex
798 3015 975 3103 improviso
1000 3015 1110 3082 omnia
1131 3012 1324 3104 proferebat,
1346 3014 1430 3082 bona
1450 3013 1500 3080 vel

341 3141 437 3224 mala,
452 3139 547 3208 simul
562 3163 598 3207 ac
620 3159 762 3208 mentem
786 3138 989 3208 invadebant.
1014 3140 1112 3207 Nunc
1135 3159 1243 3207 autem
1262 3140 1409 3207 animum
1433 3161 1501 3206 non

340 3264 421 3332 bene
439 3265 659 3351 compositum
682 3262 847 3345 habemus,
872 3285 947 3330 cum
973 3285 1101 3330 necesse
1123 3263 1163 3330 sit
1184 3264 1374 3330 memoriter
1398 3260 1501 3332 multa

340 3388 561 3477 pronuntiare,
576 3385 818 3478 verendumque
832 3409 873 3452 ne
886 3387 974 3476 prior
988 3385 1071 3454 fama
1085 3405 1205 3475 pereat.
1224 3413 1240 3450 u

384 3512 513 3582 Frustra
528 3510 679 3578 eumdem
694 3530 807 3578 monet
820 3511 975 3578 Horatius
988 3509 1034 3577 illi
1047 3528 1140 3580 antea
1155 3509 1312 3599 populum
1332 3532 1500 3600 nunquam

340 3655 468 3704 tantum
488 3634 601 3706 favisse
619 3655 778 3728 quantum
799 3659 885 3704 nunc
902 3637 935 3702 in
961 3636 1052 3702 novis
1073 3633 1199 3716 fabulis,
1225 3657 1362 3720 quarum
1383 3636 1501 3723 primas

340 3781 446 3850 partes
466 3761 601 3830 Pantalo
620 3784 746 3850 semper
764 3760 904 3830 defendit
915 3787 925 3846 3
947 3759 1158 3828 nihilominus
1177 3778 1314 3846 actoru,
1334 3761 1500 3828 memoriae
1576 3761 1579 3768 ’

341 3883 533 3969 diffidentes,
548 3884 644 3975 paulo
662 3906 737 3974 post
755 3884 956 3966 collationes,
976 3883 1223 3952 similitudinum
1242 3883 1409 3974 ampullas,
1426 3881 1501 3950 alle·

341 4010 460 4096 gorius,
476 4027 643 4098 ceteraque
660 4006 843 4075 istiusmodi
863 4006 1054 4088 desiderant,
1071 4030 1142 4096 quae
1160 4006 1218 4074 sibi
1237 4025 1329 4074 tanto
1343 4007 1378 4073 in
1392 4006 1501 4073 solilo-

342 4133 424 4223 quiis
446 4132 563 4199 auxilio
586 4151 687 4201 erant.
711 4132 787 4213 Sed,
809 4133 888 4200 dum
905 4132 1019 4202 talibus
1039 4130 1168 4199 indocta
1188 4131 1349 4221 plebecula
1369 4129 1499 4219 gaudet,

343 4256 409 4325 haec
421 4275 575 4346 respuunt
591 4241 738 4325 meliores
753 4256 882 4346 judices.

343 4460 553 4471 ———-·

339 4665 341 4670 Ι
380 4603 401 4643 1.
423 4585 467 4642 ef.
484 4587 522 4639 La
536 4587 642 4657 critique
655 4586 684 4638 de
698 4571 790 4638 l'licole
802 4585 842 4637 des
851 4583 966 4654 summes,
981 4585 1165 4654 l'impromplu
1178 4583 1208 4636 de
1225 4577 1366 4648 Versailles,
1381 4593 1432 4638 etc.

376 4700 401 4740 a.
422 4683 482 4740 Act,
500 4684 521 4750 I,
537 4699 573 4739 sc.
591 4699 615 4740 a.

378 4798 400 4850 3.
422 4781 542 4849 Tonino‚
555 4780 711 4836 Pantalonis
726 4797 868 4852 personam
883 4796 974 4852 agens.
