3600 5682
374 651 415 720 32
557 650 602 698 DE
626 647 808 697 GOLDONIO
833 647 976 696 lTALICAE
999 646 1119 696 SCAENAE
1142 647 1365 696 CORRECTORE

371 790 464 857 batur
478 787 663 858 Goldonius
680 786 917 855 «dementem»
934 809 1014 868 esse,
1030 788 1085 878 qui
1098 809 1169 854 eam
1183 786 1365 854 italicorum
1378 807 1530 882 versuum

370 915 587 983 mutationem
607 914 786 1002 reperisset,
807 925 933 980 narrat¹
954 935 1000 998 se,
1016 912 1145 1002 jocandi
1167 913 1281 1001 gratia,
1298 912 1533 1002 quinquaginta

369 1040 462 1106 annis
477 1057 550 1128 post
566 1037 715 1106 Martellii
730 1055 884 1120 mortem,
905 1035 983 1106 tales
1002 1058 1113 1104 versus
1132 1037 1167 1104 in
1187 1037 1351 1125 integrum
1372 1035 1533 1102 honorem

371 1163 537 1231 restituere
554 1163 736 1230 tentavisse.
750 1161 852 1244 Quod
867 1160 905 1228 ad
921 1159 1265 1251 exemplumTerentt'i,
1277 1161 1469 1250 Molicrique
1484 1161 1533 1226 sui

370 1309 480 1356 versus
494 1265 805 1375 composuitsquam
819 1286 1032 1374 posteriorem
1049 1283 1188 1352 fabulam
1208 1282 1349 1352 Maffaeio
1370 1281 1532 1364 dedicans,

371 1410 509 1480 declarat
523 1433 556 1478 se
577 1427 683 1478 metro
697 1409 838 1476 solutam
855 1409 997 1497 primum
1012 1409 1197 1477 inchoatam
1215 1410 1259 1476 sic
1273 1408 1410 1476 scribere
1426 1408 1534 1476 decre-

369 1536 466 1620 visse,
484 1553 532 1617 ut,
555 1552 713 1624 quantum
734 1556 784 1600 res
802 1551 974 1621 pateretur,
998 1551 1225 1622 argumentum
1244 1531 1394 1620 gallicum
1418 1532 1534 1621 gallico

370 1681 462 1727 more
489 1675 649 1728 tractaret.
682 1656 961 1724 Martellianomm
988 1675 1095 1725 autem
1123 1677 1335 1726 numerorum
1366 1655 1442 1725 vitia
1475 1680 1535 1746 pro

370 1783 490 1850 viribus
513 1782 672 1868 conigere
693 1804 726 1848 se
745 1799 900 1848 conatum
918 1779 1067 1862 affirmat,
1088 1799 1125 1848 ut
1145 1803 1201 1849 eos
1220 1800 1342 1849 naturae
1365 1783 1533 1871 propiores

369 1906 526 1990 redderet,
543 1906 649 1974 vitatis
663 1903 837 1973 verborum
852 1905 1099 1986 invensionibus,
1117 1905 1412 1973 constructionibus
1426 1905 1532 1994 impli-

369 2033 459 2113 catis,
484 2029 687 2120 periodisque
703 2027 832 2117 longius
845 2028 1023 2116 productis,
1046 2029 1164 2119 quibus
1188 2028 1281 2098 rebus
1303 2028 1400 2097 simul
1423 2047 1454 2098 et
1478 2028 1533 2119 qui

369 2155 503 2223 audiunt
519 2167 549 2222 et
568 2155 623 2243 qui
639 2153 762 2235 dicunt,
778 2152 968 2240 fatigantur.

412 2277 550 2347 Carolus
573 2277 711 2346 Gozzius
734 2278 957 2365 barettiusque
979 2275 1100 2344 furiose
1120 2277 1155 2343 in
1179 2274 1376 2344 Martellium
1395 2276 1529 2344 invehe-

369 2404 497 2484 bantur,
520 2423 663 2491 quorum
683 2401 843 2489 posterior
864 2423 1033 2490 nunquam
1051 2401 1112 2467 nisi
1134 2402 1349 2490 contemptim
1367 2423 1532 2468 novorum

369 2547 521 2594 versuum
545 2523 745 2592 mentionem
767 2523 899 2592 faciebat
918 2542 961 2613 et,
984 2542 1020 2592 ut
1038 2523 1178 2605 videtur,
1199 2525 1226 2592 si
1244 2525 1353 2592 minus
1371 2511 1533 2594 Martellio

371 2649 554 2718 Goldonius
567 2647 764 2730 indulsisset,
779 2671 848 2716 non
865 2666 932 2715 tam
950 2671 1060 2738 aspere
1078 2647 1116 2715 ab
1137 2647 1294 2716 ambobus
1312 2646 1422 2716 fuisset
1437 2649 1533 2718 laces-

369 2775 460 2841 situs.
479 2775 562 2842 Raro
578 2790 686 2840 tamen
701 2771 843 2851 versibus
859 2771 1007 2840 utebatur
1019 2790 1142 2853 noster,
1160 2773 1212 2839 cui
1230 2771 1333 2840 valide
1351 2791 1419 2840 erat
1438 2771 1535 2840 insita

369 2899 493 2988 opini0,
513 2897 653 2965 solutam
675 2899 857 2964 orationem
875 2895 1062 2985 plerumque
1083 2896 1253 2965 comoediae
1272 2896 1388 2964 melius
1409 2919 1532 2966 conve-

369 3024 438 3089 nire
449 3033 479 3104 ²3
496 3022 535 3090 de
549 3043 615 3110 quo
631 3023 664 3088 in
679 3019 795 3101 fabula,
811 3020 863 3086 cui
881 3019 1048 3088 Theatrum
1067 3023 1216 3088 comicum
1235 3021 1361 3102 titulus,
1377 3022 1445 3087 sine
1464 3044 1533 3088 am·

368 3145 500 3233 bagibus
515 3147 709 3213 sententiam
727 3143 874 3234 explicat,
891 3167 966 3211 cum
980 3144 1098 3213 Laelius
1112 3146 1251 3214 Horatio
1270 3164 1418 3214 veterum
1432 3144 1532 3214 Italiae

368 3272 569 3338 comicorum
583 3289 751 3359 poetarum
765 3282 776 3322 ³¹
789 3267 972 3359 exemplum
985 3270 1141 3357 opponit:

411 3435 456 3446 -
486 3421 502 3458 a
526 3395 689 3484 Antiquos
709 3415 837 3474 vereor,
857 3392 1029 3481 respondet
1049 3394 1219 3476 Horatius,
1242 3392 1298 3462 sed
1321 3415 1389 3462 non
1412 3393 1531 3460 idcirco

369 3543 422 3586 me
435 3541 621 3609 persuasum
638 3517 747 3585 habea.
763 3518 900 3586 Veritati
915 3518 1003 3584 enim
1017 3519 1199 3606 proximam
1213 3517 1304 3587 decet
1320 3541 1388 3586 esse
1407 3541 1531 3586 comoe-

368 3643 467 3725 diam,
485 3663 518 3710 et
535 3666 602 3712 non
622 3642 793 3710 verisimile
811 3660 860 3709 est
878 3642 1021 3710 versibus
1040 3641 1182 3734 colloqui
1201 3666 1366 3732 personas.
1387 3642 1530 3730 Objicies

367 3767 498 3858 quidem
511 3767 556 3834 ita
571 3766 760 3834 dissimulari
775 3767 917 3833 comicos
932 3789 1053 3848 versus,
1071 3787 1107 3834 ut
1118 3790 1257 3835 numero
1267 3767 1393 3835 solutos
1408 3765 1527 3836 credas.

370 3892 439 3960 Cur
452 3892 550 3980 igitur
565 3913 632 3957 non
646 3889 714 3957 sine
728 3911 866 3956 numero
880 3887 1012 3958 scribis?
1026 3917 1041 3954 a

406 4140 429 4181 1,
451 4123 594 4189 Mimoires,
607 4136 626 4181 t.
644 4125 665 4186 Ι,
683 4142 709 4196 p.
729 4139 787 4195 127.

403 4245 435 4305 2.v
449 4229 524 4283 Idem
538 4230 668 4284 sentiebat
683 4228 822 4284 cardinalis
833 4230 973 4297 Bibbiena,
984 4231 1039 4301 qui,
1051 4231 1079 4284 in
1090 4229 1227 4285 Caloudrae
1236 4230 1362 4303 prologo,
1373 4231 1443 4286 hanc
1455 4231 1530 4287 fabu-

367 4313 422 4371 lam
437 4317 536 4371 indicat
553 4329 640 4372 metro
654 4317 770 4372 solutam
789 4321 915 4390 scriptam
936 4336 1002 4385 esse,
1021 4318 1094 4392 quod
1110 4319 1147 4372 sic
1167 4319 1302 4385 homines,
1323 4336 1379 4373 non
1398 4321 1528 4388 versibus,

366 4406 566 4476 colloquuntur.
582 4406 701 4478 Antiqua
713 4423 776 4460 sane
787 4406 953 4478 disceptatio,
966 4408 994 4460 in
1005 4423 1058 4478 qua
1069 4409 1250 4479 unusquisque
1262 4408 1373 4479 ingemo
1383 4425 1432 4462 suo
1442 4409 1530 4480 magis

366 4491 445 4560 favet,
463 4510 543 4564 quam
559 4511 616 4547 rem
630 4494 715 4563 ipsam
730 4505 812 4551 curat,
829 4494 900 4549 Vide
912 4495 975 4565 quid
991 4493 1091 4548 Fenelo
1106 4494 1139 4548 de
1157 4495 1273 4550 Moliero
1291 4495 1387 4550 dixerit
1405 4497 1530 4567 (Lettred

366 4581 518 4634 l'Acaddmie
527 4580 667 4651 sranraise,
681 4581 753 4651 VIl).

405 4704 426 4757 3.
448 4687 572 4741 Ariostus
589 4687 711 4741 versibus
732 4687 882 4741 comoedias
899 4703 960 4741 suas
977 4689 1099 4760 scripsit;
1120 4690 1206 4744 immo
1224 4706 1290 4762 quas
1304 4692 1422 4761 primum
1442 4703 1529 4746 metro

366 4775 467 4830 solutas
480 4776 608 4842 ediderat,
624 4789 718 4847 postea
731 4776 758 4828 in
772 4792 901 4830 numeros
915 4777 1026 4847 redegit,
