3600 5682
361 626 401 694 42
544 627 586 672 DE
611 625 792 675 GOLDONIO
818 627 959 676 ITALICAE
985 628 1104 676 SCAENAE
1129 627 1353 676 CORRECTORE

393 766 592 835 'Vitiosiores
605 789 682 835 veto
698 790 865 857 nunquam
877 767 969 837 fuere
983 790 1102 852 mores,
1124 767 1203 838 dum
1218 788 1385 859 nunquam
1408 768 1448 836 de
1460 770 1527 838 vir·

359 910 429 959 tute
443 892 546 981 magis
560 893 594 960 in
610 891 740 983 Europa
760 911 828 962 tota
846 893 1063 983 praedicatum.
1082 893 1304 962 Communem
1326 893 1424 982 igitur
1442 894 1526 962 viam

361 1015 544 1086 Goldonius
558 1035 685 1086 secutus
700 1037 760 1101 est,
778 1041 853 1086 cum
872 1038 903 1088 et
926 1019 1072 1087 moribus
1093 1017 1296 1088 emendatam
1318 1020 1428 1108 patriae
1448 1042 1526 1088 scae·

359 1165 435 1210 nam
445 1144 612 1212 restituere
625 1145 778 1212 decrevit.
795 1143 990 1213 Derelictam
1005 1161 1115 1212 autem
1131 1147 1353 1233 jacentemque
1367 1142 1525 1214 eruditam

359 1267 556 1336 comoediam
570 1266 609 1335 ad
625 1269 724 1336 vitam
740 1290 890 1336 revocare
908 1266 1067 1337 difficilius
1082 1269 1280 1351 existimans,
1296 1290 1334 1335 ex
1348 1269 1525 1358 improviso

360 1393 523 1460 recitatam
550 1415 724 1482 expurgate
748 1391 862 1460 maluit
885 1392 1138 1484 melioribusque
1160 1391 1306 1462 moribus
1329 1415 1461 1476 ornare,
1489 1412 1526 1462 ut

359 1518 422 1586 hoc
430 1519 543 1587 saltem
553 1540 628 1586 cum
642 1516 800 1588 «classico
812 1543 828 1582 u
842 1518 1013 1587 Gallorum
1024 1518 1152 1588 theatro
1166 1517 1363 1588 contendere
1373 1519 1523 1588 valetet¹.

386 1761 389 1772 =
405 1729 501 1818 Opus
514 1729 709 1819 aggreditur,
726 1731 818 1797 omni
834 1749 982 1820 tempore
996 1730 1147 1815 arduum,
1164 1728 1282 1798 scilicet
1298 1753 1435 1798 scaenam
1451 1753 1525 1798 cum

359 1854 453 1923 bonis
472 1855 630 1939 moribus,
645 1857 748 1923 immo
763 1878 838 1923 cum
854 1855 994 1924 Ecclesia
1012 1857 1078 1946 ipsa
1094 1853 1331 1925 reconciliandi.
1350 1855 1443 1924 Hanc
1458 1878 1525 1922 rem

360 1979 439 2048 nihil
462 1979 575 2048 clarius
596 1979 732 2050 illustrat
758 2004 855 2070 quam
878 1979 1024 2071 epistola,
1047 2003 1110 2071 qua
1131 1980 1301 2048 Mulierum
1323 2003 1418 2048 suum
1444 2004 1526 2048 mar·

359 2105 468 2174 chioni
485 2106 628 2195 Scipioni
650 2103 789 2175 Maffaeio
811 2105 976 2174 dedicavit.
995 2105 1164 2188 Maffaeius,
1180 2123 1216 2174 ut
1236 2124 1354 2173 notum
1373 2124 1434 2189 est,
1449 2128 1525 2173 con·
1605 2127 1610 2134 ·

359 2231 506 2320 spicuum
522 2230 631 2298 locum
644 2233 677 2298 iu
692 2230 805 2299 litteris
818 2229 944 2312 italicis,
956 2229 1082 2298 decimo
1100 2249 1216 2298 octavo
1232 2230 1362 2315 saeculo,
1380 2229 1523 2313 obtinet;

362 2377 500 2423 scaenam
515 2355 686 2423 emendare
704 2375 735 2422 et
749 2357 815 2444 ipse
829 2373 976 2436 conatus,
995 2353 1072 2422 dum
1088 2352 1179 2422 rebus
1195 2356 1334 2445 antiquis
1348 2354 1526 2445 divinisque

359 2479 521 2563 studebat,
544 2481 690 2547 animum
713 2479 874 2547 recreandi
895 2503 1001 2563 causa,
1024 2479 1201 2548 comoedias
1226 2478 1335 2564 edidit,
1358 2503 1430 2570 quae
1451 2481 1526 2548 satis

358 2602 563 2692 goldonianis
579 2604 812 2695 congruebant.
833 2606 1046 2673 Marinianam
1061 2606 1148 2672 enim
1166 2603 1405 2673 affectationem
1418 2605 1525 2695 praeci·

359 2752 421 2818 pue
436 2729 561 2810 oderat,
574 2748 789 2820 naturamque
804 2729 995 2815 sectabatur,
1008 2732 1156 2798 siccitatis
1167 2729 1309 2819 periculo
1321 2753 1389 2799 non
1400 2752 1526 2820 semper

359 2857 472 2924 vitato,
487 2854 576 2923 Illius
590 2857 793 2945 praecursoris
812 2857 1027 2946 patrocinium
1048 2857 1337 2946 auctoritatemque
1357 2855 1406 2923 his
1421 2855 1525 2924 verbis

359 2979 489 3048 invocat
503 2979 674 3070 discipulus
688 3006 695 3048 :

407 3105 546 3174 «Palam
560 3107 593 3173 in
608 3109 711 3174 lucem
727 3106 890 3195 protulisti
904 3105 1094 3187 comoedias,
1114 3107 1289 3195 praesertim
1304 3129 1376 3197 quae
1392 3107 1456 3174 hoc
1470 3129 1525 3174 sae-

360 3227 433 3295 culo
453 3228 601 3312 edantur,
617 3229 657 3298 ad
676 3229 932 3318 corrumpendos
950 3253 1048 3320 quam
1064 3229 1102 3297 ad
1122 3227 1330 3318 corrigendos
1346 3252 1453 3298 mores
1469 3253 1524 3320 ap-

359 3355 458 3422 tiores
472 3377 551 3442 esse.
570 3355 659 3424 Cum
675 3354 837 3444 theologis
853 3374 976 3436 autem,
993 3357 1049 3445 qui
1065 3354 1278 3423 immoderata
1293 3356 1410 3436 vitant,
1427 3357 1453 3422 si
1472 3374 1525 3423 tua

360 3481 517 3548 sententia
527 3479 846 3565 convenit,multum
857 3479 929 3548 abes
938 3480 978 3549 ab
987 3481 1037 3549 his
1046 3479 1203 3563 fanaticis,
1213 3481 1268 3571 qui
1278 3499 1394 3550 cuncta
1403 3480 1527 3548 theatra

359 3605 434 3692 igne
452 3623 645 3693 consumpta
665 3605 772 3673 videre
790 3603 910 3673 vellent
927 3604 1107 3695 quibusque
1126 3604 1288 3673 comoedia
1308 3624 1339 3673 et
1358 3623 1525 3694 peccatum

360 3751 463 3796 unum
474 3747 505 3797 et
519 3727 606 3798 idem
617 3729 809 3818 significant.
824 3731 934 3814 Quam
945 3731 1149 3799 honestatem
1160 3730 1193 3798 in
1205 3747 1262 3798 tuo
1272 3730 1380 3798 Italico
1391 3729 1526 3799 thealr0²

399 4012 421 4050 r.
441 3995 499 4051 Nec
515 3997 628 4050 omnino
643 4007 735 4052 tamen
755 3997 783 4050 in
797 3997 854 4068 ipsa
870 3998 925 4050 vita
943 3996 1179 4069 reprehensionem
1201 3995 1354 4052 Goldonius
1375 3995 1479 4068 effugit,
1497 4010 1525 4052 ut

358 4083 449 4139 videre
468 4096 506 4138 est
526 4085 554 4138 in
572 4085 642 4139 libro
663 4085 781 4157 quodam
804 4096 927 4140 recente:
953 4086 999 4140 Les
1018 4084 1165 4139 Comldiens
1182 4085 1217 4138 du
1232 4087 1272 4139 roi
1288 4084 1317 4138 dc
1331 4083 1355 4137 la
1375 4090 1462 4157 troupe
1477 4085 1525 4138 ila-

360 4172 443 4226 limae
456 4174 592 4244 (Lutetiae,
611 4175 700 4245 1880),
715 4178 790 4247 cujus
804 4177 917 4247 scriptor
932 4177 991 4231 Em.
1010 4176 1193 4247 Campardon,
1205 4187 1231 4229 et
1245 4175 1272 4228 in
1287 4186 1449 4246 quocontra
1464 4191 1526 4228 nos·

359 4274 430 4316 trum
445 4275 566 4334 poetam,
583 4276 640 4318 tum
655 4281 700 4319 sex
714 4276 740 4319 et
755 4267 948 4338 quinquaginta
967 4283 1053 4321 annos
1072 4275 1174 4330 natum,
1191 4277 1280 4335 raptus
1294 4261 1433 4336 querelam
1452 4264 1525 4318 inve-

359 4353 427 4410 nias.
444 4352 497 4407 Sed
512 4352 569 4408 haec
583 4351 653 4409 forte
672 4352 815 4421 calumnia,
832 4371 895 4408 nam
914 4367 1006 4426 postea
1024 4355 1129 4426 petitrix
1144 4354 1313 4408 accusatione
1328 4352 1428 4408 destitit
1446 4351 1525 4425 plane

360 4443 411 4496 sibi
425 4442 590 4498 satisfactum
604 4443 733 4499 confessa.

395 4575 420 4614 2.
444 4559 534 4614 Teatro
553 4559 669 4626 italiana,
691 4559 762 4614 ossia
780 4558 859 4614 Scclta
877 4559 905 4613 di
922 4559 1005 4613 dedici
1023 4558 1136 4631 tragedia
1148 4575 1195 4630 per
1214 4574 1264 4612 uso
1279 4525 1451 4626 dellascena,
1467 4576 1525 4630 pre·

359 4663 446 4700 messa
471 4664 523 4701 una
548 4648 638 4701 istoria
662 4647 707 4716 del
727 4660 845 4702 teatroe
868 4646 951 4702 difesa
974 4648 1001 4702 di
1025 4665 1094 4704 esso.
1110 4647 1236 4714 Veronae,
1264 4663 1422 4720 1723·1725.
1444 4647 1523 4711 ibid,

358 4737 437 4806 t728.
1511 4729 1514 4744 “
