3588 5680
345 676 403 744 132
514 676 558 722 DE
582 674 763 723 GOLDONIO
788 673 930 722 ITALICAE
955 672 1074 721 SCAENAE
1097 670 1333 719 CORRECTORE.

341 812 478 882 Goethio
496 813 591 880 insita
613 811 773 894 utilitatis,
792 835 890 902 quam
913 813 979 900 ipse
1002 833 1019 876 e
1046 809 1221 898 Chioqqotis
1246 804 1504 896 disputationibus

340 933 379 1004 ad
391 952 526 1004 venetos
541 957 648 1004 mores
667 933 873 1004 illustrandos
888 949 1083 1024 perceperat.
1109 929 1295 1000 Goldonius
1312 929 1411 1017 igitur
1430 930 1505 998 viris

340 1060 545 1128 annumerari
566 1075 687 1149 potest,
709 1059 766 1149 qui
785 1075 968 1127 ceterorum
987 1057 1113 1126 animos
1131 1054 1342 1147 impulerunt,
1364 1069 1453 1122 tauta
1471 1054 1505 1121 in

340 1205 380 1250 eo
399 1202 467 1251 erat
491 1181 543 1251 illa
563 1180 761 1270 imaginandi
783 1183 891 1272 copia,
914 1203 978 1273 qua
1000 1181 1140 1249 maxima
1162 1179 1291 1269 ingenia
1315 1177 1505 1270 plerumque

339 1305 470 1396 praedita
491 1324 585 1388 sunt,
605 1329 677 1397 quae
695 1322 803 1374 autem
822 1307 856 1373 iu
880 1305 996 1373 vitium
1017 1302 1150 1386 desinit,
1175 1303 1201 1370 si
1217 1301 1310 1372 freno
1333 1320 1365 1371 et
1390 1323 1506 1370 norma

338 1448 435 1498 caret.
460 1428 594 1496 Fabulas
616 1430 704 1497 enim
727 1427 919 1518 plusquam
942 1426 1115 1497 ducentas¹
1140 1426 1284 1516 scripsit,
1304 1449 1364 1494 nec
1390 1446 1505 1494 omnes

336 1552 403 1642 ipse
416 1575 560 1642 unquam
580 1570 689 1619 exacte
710 1573 878 1619 numerare
899 1550 1011 1634 valuit,
1027 1549 1253 1640 accidebatque
1275 1567 1312 1618 ut
1332 1550 1365 1616 in
1389 1548 1501 1618 decem

336 1693 368 1742 et
390 1693 466 1742 octo
490 1673 573 1742 illius
596 1674 712 1744 theatri
734 1672 940 1758 editionibus,
959 1697 1042 1763 quae,
1062 1673 1118 1742 illo
1139 1674 1281 1756 vivente,
1298 1696 1357 1740 nec
1379 1694 1505 1763 semper

336 1797 542 1881 assentiente,
552 1797 691 1887 vulgatae
704 1814 793 1883 sunt,
809 1796 987 1866 comoedias
1001 1799 1174 1879 inveniret,
1186 1819 1325 1888 quarum
1342 1813 1373 1865 et
1387 1794 1499 1864 titulus

333 1919 427 1987 illum
447 1920 621 2008 effugisset.
642 1920 755 2012 Itaque
779 1943 848 1988 nou
870 1919 1056 1990 mirandum
1079 1921 1254 2010 permultas
1275 1921 1392 1990 merito
1416 1917 1501 1987 obli·

333 2045 431 2113 vione
446 2044 578 2113 obrutas
592 2067 672 2126 esse,
690 2047 772 2133 justa
785 2045 884 2134 ipsius
899 2044 996 2134 patris
1010 2045 1183 2113 sententia.

378 2168 479 2252 Quod
501 2167 588 2236 idem
614 2167 780 2237 nonnullis
803 2169 919 2238 criticis
941 2170 1051 2237 visum
1074 2187 1134 2237 est.
1160 2165 1389 2236 Confitebatur
1412 2168 1500 2235 enim

335 2290 499 2361 Collaeus²
530 2317 546 2355 «
571 2291 740 2360 Goldonio
768 2314 836 2359 non
863 2291 973 2362 deesse
1001 2292 1139 2362 multam
1165 2291 1350 2360 inveniendi
1375 2292 1500 2380 copiam

334 2414 551 2506 eumdemque
575 2434 723 2484 naturam
742 2414 876 2485 fideliter
896 2417 929 2484 in
948 2417 1054 2506 parvis
1073 2433 1232 2486 secutum·
1244 2439 1326 2501 esse,
1351 2437 1502 2483 sermone

333 2541 430 2610 etiam
447 2563 542 2609 usum
558 2539 707 2632 expedito
724 2558 756 2608 et
770 2539 895 2610 fluento
907 2567 923 2605 u
932 2566 942 2625 ;
958 2540 1094 2611 addebat
1108 2560 1215 2610 autem
1231 2567 1237 2610 :
1256 2539 1364 2609 «illius
1381 2537 1500 2620 fabulas

332 2665 520 2756 plerumque
534 2665 603 2733 sine
613 2667 751 2748 ratione,
763 2688 822 2733 nec
836 2666 912 2734 satis
922 2667 989 2736 veri
1004 2665 1150 2734 similiter
1164 2665 1350 2751 delineatas,
1361 2664 1500 2733 indoles·

332 2811 422 2880 quea
436 2807 549 2856 natura
563 2786 688 2878 vulgari
701 2807 865 2879 sumptas;
883 2811 922 2856 ex
936 2789 1136 2879 optimamm
1151 2791 1249 2858 etiam
1264 2788 1499 2874 comoediarum

330 2910 593 2981 translationibus
607 2913 633 2979 si
649 2913 657 2998 j
662 2911 782 2995 udices,
797 2914 886 2981 bunc
899 2913 1090 3003 scriptorem
1104 2937 1145 2980 ne
1159 2915 1193 2982 in
1209 2915 1305 2982 tertio
1321 2930 1376 2984 aut
1385 2928 1499 3004 quarto

332 3035 462 3125 quidem
476 3037 678 3103 comicorum
693 3052 884 3104 nostrorum
897 3036 998 3124 gradu
1013 3036 1253 3107 collocandum.
1272 3062 1287 3100 u

377 3161 569 3243 Grimmius,
584 3162 779 3230 contrariam
802 3162 956 3250 primum,
973 3180 1010 3231 ut
1023 3160 1175 3247 vidimus,
1191 3161 1231 3229 de
1245 3160 1414 3230 Goldonio
1430 3160 1498 3250 opi-

332 3283 465 3352 nionem
479 3283 654 3375 professus,
668 3287 790 3376 aequior
809 3285 912 3354 factus
930 3304 991 3370 est,
1007 3303 1180 3376 postquam
1195 3287 1353 3355 Persicam
1374 3307 1499 3354 uxorem
1516 3311 1518 3320 ¹

332 3407 497 3476 recitatam
511 3406 645 3477 audivit.
663 3407 833 3499 Schlegelo
848 3411 959 3480 eadem
978 3409 1044 3478 fere
1063 3409 1222 3480 sententia
1240 3433 1276 3479 ac
1291 3408 1417 3479 Collaeo
1434 3407 1498 3498 pla·

331 3533 409 3615 cuit,
428 3554 503 3599 cum
525 3550 656 3623 poetam
677 3555 772 3603 veros
793 3556 901 3603 mores
921 3536 1053 3625 quidem
1072 3533 1201 3603 finxisse
1219 3533 1350 3616 fatetur,
1372 3531 1427 3601 sed
1442 3534 1497 3624 qui

331 3677 542 3722 communem
557 3657 658 3724 vitam
673 3674 802 3725 tantum
816 3676 1003 3742 retractent,
1021 3681 1163 3750 eumque
1178 3657 1266 3726 addit
1283 3679 1497 3748 unamquam-

330 3801 391 3868 que
408 3800 477 3846 rem
494 3797 623 3848 tantum
638 3782 869 3870 praestrinxisse
885 3799 981 3873 atque
1003 3781 1131 3853 easdem
1147 3780 1273 3852 indoles
1289 3782 1498 3850 continenter

330 3903 523 3993 repetivisse.
542 3902 633 3972 Idem
648 3923 695 3973 est
711 3905 840 3996 aequalis
854 3905 1056 3997 temporibus
1072 3907 1210 3976 nostris³
1226 3906 1327 3975 critici
1342 3902 1496 3992 judicium

268 4197 271 4202 '
368 4225 391 4265 ι.
413 4223 474 4275 241.
490 4208 559 4264 vioe
573 4210 771 4281 Appendicem.

364 4341 390 4381 2.
406 4325 517 4396 Journal
530 4325 560 4378 do
574 4324 645 4380 Colla
658 4327 757 4396 (mens.
775 4328 879 4385 octobr.
900 4329 989 4401 1764).

366 4458 389 4512 3.
410 4441 583 4496 Settembrini
597 4441 715 4513 (Lnioni
727 4442 756 4496 di
769 4442 915 4498 laboraturo
929 4444 1049 4513 italiana,
1059 4440 1185 4518 Neapoli,
1200 4457 1220 4503 t.
1236 4445 1283 4513 ΙΙΙ,
1295 4463 1322 4518 p.
1342 4446 1413 4519 164).
1425 4446 1495 4504 Vide

327 4539 419 4584 contra
435 4531 500 4602 quid
520 4530 552 4585 de
577 4530 717 4586 Goldonio
743 4533 847 4603 majore
872 4533 964 4587 favore
983 4535 1085 4588 dictum
1103 4535 1136 4588 sit
1159 4551 1175 4589 a
1193 4535 1364 4590 Ferdiuando
1384 4537 1493 4592 Galanti

325 4618 418 4686 (Carlo
438 4617 548 4673 Goldoni
565 4637 577 4672 a
598 4621 704 4690 Veneria
722 4620 762 4674 nol
779 4621 856 4675 secolo
875 4622 979 4680 XVIII.
1000 4623 1114 4688 Patavii,
1137 4624 1225 4694 1882).
1242 4626 1286 4682 ef.
1304 4625 1369 4698 quid
1383 4627 1493 4697 Ignazio

326 4705 434 4776 Ciampi
450 4708 476 4760 in
490 4726 495 4760 ε
512 4709 550 4762 Lo
564 4711 619 4762 vilo
632 4711 750 4764 orlislioa
762 4710 791 4763 di
806 4710 884 4764 Corlo
899 4711 1009 4765 Goldoni
1028 4712 1147 4780 (Romae,-
1165 4711 1245 4769 186ol
1258 4715 1353 4769 dixerit
1368 4725 1393 4768 et
1408 4716 1438 4771 P.
1455 4715 1490 4774 G.

325 4792 468 4848 Molmenti
484 4796 528 4854 iu:
547 4797 626 4851 Cario
642 4797 751 4851 Goldoni
763 4797 905 4867 (Venetiis,
925 4799 1011 4866 1880).
