3600 5682
525 653 823 701 GOLDONIANARUM
850 654 1052 701 FABULARUM
1077 651 1218 698 DIVISIO.
1417 649 1453 718 57

291 796 409 884 quires,
431 796 697 885 mentiunturque
722 794 819 877 tituli,
840 795 895 885 qui
918 793 990 861 talia
1010 792 1235 860 denuntiant¹.
1258 791 1342 860 Vera
1367 790 1453 858 enim

290 919 414 988 indoles
434 938 500 988 tam
520 919 623 987 valida
642 939 721 988 nota
743 921 866 1007 signata
888 937 990 988 estut
1009 941 1176 1009 nunquam
1196 917 1315 986 aboleri
1339 916 1452 1005 possit,

497 1162 938 1178 ............
950 1116 1088 1176 Servatur
1102 1113 1138 1176 ad
1153 1115 1248 1175 imum

489 1221 593 1296 Qualis
607 1222 642 1283 ab
656 1223 777 1302 incepto
791 1223 967 1303 processerit
982 1235 1010 1283 et
1026 1221 1080 1282 sibi
1095 1234 1221 1283 constat.

293 1419 507 1488 Goldonianae
526 1439 638 1486 contra
658 1441 814 1508 personae‚
835 1441 910 1485 cum
928 1415 1101 1506 explicatur
1120 1417 1234 1487 fabulae
1253 1416 1371 1500 nodus,
1392 1418 1456 1508 ple-

292 1567 429 1634 rumque
442 1545 647 1633 corriguntur
657 1555 680 1608 ².
696 1543 830 1613 Naturae
844 1562 954 1610 autem
968 1544 1015 1610 vis
1035 1542 1256 1611 vehementior
1270 1561 1317 1610 est
1332 1542 1454 1632 magis-

293 1692 354 1760 que
378 1663 597 1736 emendationi
621 1684 799 1756 repugnat3
825 1667 880 1734 sed
899 1669 996 1756 gestit
1017 1686 1145 1735 tantum
1167 1666 1351 1736 Goldonius
1381 1689 1457 1734 con-

294 1813 422 1862 tentum
446 1791 608 1860 dimittere
632 1811 863 1882 spectatorem,
886 1815 1077 1882 secumque,
1104 1811 1276 1882 antequam
1300 1793 1457 1874 dormiat,

293 1918 541 1999 documentum,
558 1916 646 2008 quod
661 1919 693 1984 in
711 1916 836 1984 theatro
852 1919 1018 2007 acceperit,
1034 1916 1257 1984 meditantem.
1276 1918 1354 1999 Quo
1370 1915 1459 1984 facile

294 2042 399 2111 videre
422 2041 496 2109 licet
520 2061 678 2134 quantum
708 2041 886 2130 discrepent
912 2043 1115 2110 reconditum
1138 2039 1267 2110 Molieri
1292 2043 1459 2130 ingenium

294 2167 457 2258 facilisque
470 2166 625 2235 Goldonii
638 2166 819 2255 jucunditas
827 2194 837 2252 ;
854 2166 986 2256 paulum
1000 2167 1053 2234 ille
1068 2186 1156 2235 curat
1172 2186 1281 2235 utrum
1298 2166 1458 2235 auditores

292 2294 449 2378 contenti,
473 2316 592 2375 necne,
614 2292 751 2360 domum
778 2292 911 2361 redituri
932 2294 1014 2375 sint,
1037 2291 1115 2360 dum
1137 2315 1210 2360 vera
1233 2290 1455 2382 spectaverint.

294 2420 418 2510 Itaque,
442 2421 500 2488 etsi
519 2419 621 2508 prima
642 2421 745 2508 speeie
767 2417 954 2487 Goldonius
973 2415 1118 2486 moribus
1136 2417 1332 2504 corrigendis
1357 2420 1458 2506 magis

293 2542 432 2626 studuit,
455 2545 500 2610 rei
521 2541 695 2611 efficiendae
718 2544 812 2631 hujus
833 2542 947 2613 fabulae
969 2545 1076 2610 minus
1101 2563 1177 2611 sunt
1203 2567 1300 2633 quant
1332 2542 1475 2612 Molieri.

295 2670 395 2737 utiles.
407 2665 540 2736 Talibus
557 2671 644 2736 eninr
663 2670 842 2737 extenuatis
862 2666 1054 2757 imaginibus
1075 2690 1140 2735 non
1161 2686 1336 2735 moventur
1355 2666 1459 2734 homi-

296 2817 364 2879 nes,
376 2815 435 2862 nec
449 2816 594 2883 unquam
610 2812 781 2876 terrentur,
794 2793 879 2861 diem
895 2817 969 2861 cum
986 2793 1179 2861 arbitrantur
1193 2816 1260 2860 esse
1275 2811 1457 2874 venturam,
1486 2809 1492 2830 ·

296 2943 357 3008 qua
371 2936 403 2986 et
421 2919 566 3008 ipsorum
584 2921 660 2986 vitia
681 2938 878 3008 purgentur3
902 2918 960 2987 liae
982 2941 1059 2988 vero
1080 2942 1136 3008 spe
1157 2916 1269 3002 delusi,
1291 2919 1457 3007 praesentis

297 3166 461 3236 dationem
485 3166 684 3235 differentes:
711 3191 834 3235 novum
856 3167 951 3258 hujus
974 3187 1040 3237 tam
1061 3193 1144 3237 verae
1163 3170 1331 3236 sententiae
1355 3189 1462 3234 exem-

297 3291 399 3381 plum,
414 3290 540 3360 bonum
554 3315 732 3382 verumque
746 3315 849 3359 unum
864 3315 931 3360 esse
948 3310 978 3360 et
993 3293 1092 3378 idem,
1110 3311 1288 3383 artemque,
1305 3292 1383 3361 dum
1398 3293 1462 3358 sin·

298 3439 368 3485 cera
383 3418 437 3498 sit,
454 3439 579 3507 semper
598 3417 742 3486 moribus
761 3415 923 3507 prodesse.

344 3637 447 3725 Cujus
471 3639 623 3706 reinone
651 3656 840 3725 argumenta
865 3635 1042 3704 adhibenda
1068 3653 1155 3703 sunt.
1184 3637 1261 3703 Post
1288 3635 1462 3724 Beneficium

300 3776 485 3845 morosum,
512 3786 583 3853 quae
602 3761 705 3830 fabula
727 3760 836 3848 gallice
860 3761 975 3849 scripta
997 3779 1058 3844 est,
1083 3761 1205 3849 optima
1228 3759 1384 3827 Goldonii
1405 3783 1463 3826 co-

301 3886 420 3958 moedia
434 3887 577 3955 indolem
592 3886 764 3977 quamdam
780 3904 955 3954 retractans
970 3886 1102 3954 titulum
1118 3884 1211 3952 habet
1227 3910 1233 3951 :
1252 3885 1428 3952 Aleatorem
1438 3898 1461 3952 ⁴.

301 4013 388 4080 Aleae
401 4013 488 4080 enim
507 4011 645 4101 pericula
664 4015 810 4102 scriptori
832 4013 997 4078 notissima
1016 4030 1118 4094 erant,
1140 4028 1254 4099 utpote
1272 4012 1327 4099 qui
1348 4029 1377 4077 et
1399 4011 1465 4099 ipse

302 4139 375 4206 huic
399 4135 522 4205 libidini
545 4136 752 4204 indulsisset:
780 4137 955 4224 «Experto
980 4135 1072 4202 crede
1096 4135 1239 4225 Roberto
1258 4161 1288 4218 »,
1316 4159 1407 4203 reum
1432 4158 1465 4201 se

342 4413 363 4450 1.
386 4395 487 4448 lluomo
503 4393 637 4466 prudente,
656 4394 681 4447 ΙΙ
690 4393 808 4464 prodigo,
831 4391 1000 4452 L’adulalore,
1020 4391 1045 4444 II
1059 4392 1193 4462 hagiordo,
1216 4390 1241 4444 ΙΙ
1253 4393 1388 4461 giocatore,
1407 4390 1465 4444 L'a-

303 4501 375 4549 varo,
393 4485 427 4537 Le
441 4485 535 4536 bourru
550 4482 714 4552 biensaisont,
729 4493 778 4536 etc.

340 4607 364 4644 2.
385 4589 454 4644 Vide
467 4588 605 4642 Pirlonem
621 4589 648 4640 in
663 4588 782 4653 Moliero,
798 4587 912 4640 Laelium
928 4588 955 4639 in
970 4586 1094 4651 Aleatore,
1109 4585 1262 4656 Prodigum,
1278 4598 1328 4639 etc.

343 4715 365 4768 ςΔ
387 4697 423 4750 Le
436 4696 529 4749 bourru
545 4693 707 4764 bienjaisant.

340 4819 365 4874 4.
388 4801 413 4855 ll
425 4802 559 4880 giocatore.
