3588 5680
421 662 499 718 QUAE
522 662 599 708 SINT
623 662 803 710 PRAEClPUAE
826 663 1060 710 GOLDONlANAE
1084 663 1256 711 PERSONAE.
1381 643 1423 728 89

261 801 344 870 fama
357 819 513 882 servetur,
528 801 664 890 pignore
677 819 788 868 autem
803 801 879 870 dato
893 821 924 870 et
935 803 1122 870 mercatoris
1132 801 1288 890 apotheca
1299 802 1425 869 minute

259 929 417 1014 inspecta3
430 927 535 992 amico
549 927 637 992 enim
651 926 771 994 auxilio
795 949 876 1010 esse,
897 951 956 994 nec
977 929 1145 1016 pecuniam
1164 926 1295 1016 perdere
1314 927 1426 994 inten-

259 1050 316 1118 dit.
335 1051 428 1118 Hanc
446 1050 661 1131 severitatem,
678 1050 761 1118 hanc
774 1074 902 1139 semper
915 1051 1126 1141 computandi
1141 1049 1425 1133 consuetudinem,

258 1199 329 1265 quae
341 1176 376 1242 in
391 1174 693 1264 septentrionalibus
707 1175 833 1265 populis
848 1193 916 1243 tam
929 1174 1107 1266 frequentia
1121 1195 1210 1259 sunt,
1222 1175 1314 1242 valde
1329 1177 1424 1242 mira-

259 1299 376 1367 bantur
395 1299 478 1382 Itali,
495 1297 601 1367 multo
616 1301 714 1366 etiam
729 1302 832 1388 magis
846 1323 944 1390 quam
958 1318 1078 1368 nostrae
1094 1300 1199 1388 gentis
1214 1298 1376 1380 homines,
1394 1315 1427 1366 et

259 1422 346 1492 facile
360 1423 569 1513 perspicimus
579 1423 670 1491 illum
685 1423 832 1493 habitum
842 1447 983 1513 eumque
997 1423 1112 1513 agendi
1129 1423 1280 1506 modum,
1293 1425 1346 1513 qui
1357 1441 1427 1490 tan-

260 1567 330 1616 tum
347 1572 364 1615 a
380 1571 440 1616 suo
456 1547 666 1637 discrepabat,
677 1547 738 1616 illis
748 1547 835 1617 velut
850 1549 1062 1617 reverentiam
1071 1548 1246 1640 quamdam
1256 1547 1425 1637 peperisse.

303 1672 393 1740 Curn
407 1671 519 1740 eadem
538 1672 614 1754 fere,
634 1696 707 1762 quae
729 1695 824 1760 supra
843 1672 939 1755 dicta,
954 1672 1065 1741 indole
1086 1673 1164 1755 sint,
1187 1673 1333 1740 Britanni
1355 1694 1426 1738 mu-

259 1796 423 1864 nificentia
446 1799 542 1865 etiam
571 1796 659 1865 Italis
685 1796 853 1887 placebant
880 1817 924 1879 et,
951 1821 1136 1887 quanquam
1154 1798 1299 1864 Veneriis
1315 1794 1428 1864 infima

258 1920 347 2010 plebs
363 1922 531 1991 haereticos
544 1922 670 2001 oderat,
688 1945 807 2012 eosque
822 1921 981 2010 probroso
1003 1924 1201 2010 cognomine
1219 1919 1427 2011 persequeba-

260 2057 347 2126 tur¹,
370 2043 585 2112 britannicum
605 2069 719 2114 aurum
741 2045 950 2113 libentissime
969 2044 1154 2136 accipiebat.
1178 2045 1276 2112 Hunc
1300 2068 1426 2114 morem

259 2187 400 2251 secutus,
417 2170 448 2236 in
465 2169 603 2258 quadam
619 2169 745 2238 fabula²
759 2189 915 2260 quattuor
929 2193 1044 2258 procos
1060 2169 1244 2238 Goldonius
1257 2169 1424 2258 producit:

260 2294 466 2375 britannum,
483 2293 680 2382 Hispanum,
696 2294 829 2362 Gallum
846 2296 1109 2384 Romanumque,
1130 2295 1185 2383 qui
1200 2294 1296 2361 simul
1314 2293 1427 2362 mulie·

261 2439 330 2483 rem
347 2417 508 2500 eamdem,
533 2418 733 2486 matrimonii
752 2443 859 2502 causa,
881 2438 1019 2509 petunt;
1048 2417 1130 2486 banc
1153 2441 1230 2486 vero
1256 2419 1428 2486 Britannus

265 2543 497 2629 pretiosissimo
524 2542 639 2631 lapide,
670 2543 782 2611 Gallus
811 2537 917 2632 effigie
945 2567 1014 2625 sua,
1045 2543 1207 2630 Hispanus
1233 2543 1358 2630 generis
1380 2542 1429 2610 sui

263 2683 434 2734 stemmate
453 2666 589 2735 donant.
612 2667 730 2735 inutile
748 2666 865 2736 addere
884 2667 964 2734 mihi
985 2666 1112 2736 videtur
1130 2667 1264 2734 aemulos
1284 2667 1323 2736 ab
1346 2659 1428 2735 Italo

264 2790 361 2872 vinci,
378 2790 434 2879 qui
449 2790 618 2858 mulierem
633 2792 755 2860 sincere
769 2809 868 2873 amat,
886 2815 945 2860 nec
958 2791 1097 2858 omnino
1118 2789 1312 2879 zelotypiam
1334 2793 1427 2874 vitat,

266 2933 304 2981 ut
326 2937 391 2983 suae
405 2916 510 3000 gentis
524 2915 669 2983 indolem
684 2915 787 2984 decet.

310 3039 379 3106 Nec
402 3040 517 3123 jactare
538 3061 572 3107 se
596 3059 704 3108 tamen
730 3059 840 3128 posset
868 3040 1032 3107 Britannia
1062 3040 1203 3126 imagine
1230 3055 1300 3123 sua,
1332 3057 1430 3127 quam

265 3161 358 3230 finxit
381 3162 567 3232 Goldonius
596 3166 629 3231 in
653 3166 835 3233 Britannico
862 3160 1074 3252 pbilosophm,
1098 3164 1261 3232 comoedia
1288 3166 1432 3253 quinque

265 3287 388 3356 actibus
403 3289 583 3376 composita
597 3289 807 3379 versibusque
820 3291 949 3376 scripta,
967 3306 1050 3380 quae,
1068 3311 1256 3378 quanquam
1279 3289 1318 3356 ad
1338 3286 1432 3355 altius

267 3434 364 3502 quam
381 3431 492 3480 ceterae
511 3411 674 3502 scriptoris
694 3413 808 3481 sabulae
828 3411 945 3494 tendit,
971 3413 1236 3484 minimeexacta
1256 3431 1316 3480 est.
1336 3407 1432 3480 Haud

266 3534 354 3602 facile
369 3539 457 3603 enirn
473 3534 574 3624 magis
588 3537 863 3605 contemnendam
873 3537 1018 3604 indolem
1033 3535 1282 3625 philosophique
1299 3537 1433 3604 nornine

268 3660 484 3748 indigniorem
499 3680 609 3728 mente
621 3662 762 3750 cogitare
778 3664 880 3750 possis
896 3685 992 3750 quam
1010 3661 1076 3726 baec
1091 3659 1259 3748 praecipuae
1272 3682 1430 3748 personae.

269 3780 467 3852 Britanniam
483 3784 613 3874 quidem
629 3801 797 3876 nunquam
813 3787 927 3852 viserat
945 3784 1129 3853 Goldonius
1144 3784 1291 3873 illiusque
1305 3802 1433 3851 tantum

269 3931 307 3975 ex
325 3907 480 3976 arbitratu
501 3927 606 4000 poetae
624 3909 748 3999 depicta
767 3912 876 3996 imago
895 3908 983 3976 nulla
1001 3908 1111 3976 aliare
1130 3931 1190 3976 nos
1204 3926 1346 3976 attentos
1360 3907 1434 3974 reti-

269 4055 345 4100 nere
359 4051 479 4122 potest,
497 4034 557 4101 nisi
573 4032 660 4124 quod
676 4023 715 4100 e'x
730 4057 769 4100 eo
785 4033 878 4101 nobis
894 4031 1077 4101 ostenditur
1093 4027 1169 4123 quid
1184 4030 1347 4120 degente,
1363 4055 1434 4120 quae

269 4175 376 4226 tantos
393 4175 459 4225 tam
475 4157 661 4248 multosque
675 4159 763 4225 viros
778 4157 940 4240 edidisset,
956 4175 1101 4224 censeret
1116 4156 1264 4245 scriptor.

313 4280 476 4370 Hispanos
496 4301 603 4350 autem
625 4282 740 4349 melius
760 4300 906 4363 noverat,
928 4301 1011 4370 quos
1030 4282 1063 4348 in
1084 4280 1174 4348 Italia
1195 4278 1333 4360 viderat,
1357 4277 1436 4345 dum

269 4429 479 4442 m

308 4527 331 4568 1.
352 4512 507 4565 Britannia
531 4513 609 4584 plebe
629 4525 724 4568 veneta
748 4531 762 4564 «
785 4511 942 4567 Panimbrui
966 4531 980 4563 »
1004 4511 1178 4567 vocabantur.
1203 4508 1265 4566 Vid.
1292 4507 1437 4571 Mbnoirc'rss

269 4609 289 4655 t.
306 4599 341 4664 II,
357 4616 382 4669 p.
401 4599 443 4670 38.

307 4712 331 4754 2.
353 4696 391 4750 La
404 4695 498 4749 vtdooo
512 4698 613 4752 scultro.

309 4809 333 4862 3⁴
354 4791 379 4846 ll
387 4789 487 4862 filososo
502 4791 603 4862 inglese.
