3600 5682
543 646 713 702 QUANTUM
736 647 782 692 AD
806 649 950 694 LITTERAS
974 647 1153 697 PERTINET.
1388 647 1426 716 25

312 783 402 854 Alius
417 786 488 876 qui,
508 785 592 854 larva
612 783 736 869 induta,
752 807 925 874 personam
939 786 1016 872 agir,
1039 785 1226 870 Anselmus‚
1247 784 1430 855 famelicum

267 929 398 999 poetam
415 909 552 976 Laelium
565 908 650 999 apud
664 909 790 978 scaenici
804 911 911 998 gregis
923 908 1041 977 ducem
1055 930 1211 998 patronus
1225 910 1428 992 intromittit,

267 1032 407 1102 fabulam
430 1056 470 1102 ex
493 1010 670 1122 improviso
693 1033 919 1116 recitaturum,
942 1035 994 1102 cui
1019 1034 1170 1122 permulti
1192 1033 1290 1102 simul
1317 1033 1402 1103 tituli
1419 1060 1449 1108 ε,

266 1157 419 1240 Panrato,
444 1160 618 1247 morigerus
635 1169 736 1247 pater,
762 1179 833 1226 rum
855 1157 1056 1240 Arlecchino,
1078 1181 1165 1226 servo
1183 1157 1293 1246 fideli,
1316 1181 1430 1226 necnon

266 1280 428 1367 Brighella
442 1283 633 1368 proxenerico
645 1293 795 1370 puaestum
807 1293 972 1371 quaerente,
994 1279 1127 1350 Octavio
1148 1282 1233 1349 villar
1246 1281 1429 1350 administro

267 1417 293 1472 rt
306 1406 446 1476 Rosaura
460 1426 565 1472 amore
575 1417 734 1493 percunte.

310 1565 354 1576 -
370 1553 387 1592 α
405 1527 648 1616 Longissimum
663 1527 766 1596 hercle
779 1529 787 1596 1
806 1528 950 1612 titulum,
965 1527 1122 1596 exclamat
1136 1529 1304 1598 Horatius.
1322 1529 1428 1616 Bona-

265 1673 339 1719 rum
358 1650 594 1720 comoediarum
610 1653 773 1720 actionem
793 1675 893 1720 unam
912 1676 979 1720 esse
1002 1669 1133 1741 oportet
1152 1672 1183 1722 et
1206 1654 1326 1722 idcirco
1351 1654 1428 1720 titu-

266 1776 335 1846 lum
349 1775 418 1844 fore
432 1775 621 1864 simplicem.
643 1802 659 1839 u

310 1937 354 1948 -
372 1925 388 1962 u
403 1899 486 1966 Sane
506 1900 644 1967 dictum!
665 1899 781 1968 Laelius
804 1899 992 1988 respondet,
1014 1900 1069 1969 sed
1087 1900 1175 1992 quod
1199 1899 1340 1970 abundat
1360 1923 1428 1967 non

266 2023 368 2090 vitiat.
395 2023 478 2090 Meae
503 2021 618 2092 fabulae
642 2024 726 2092 tituli
744 2026 888 2114 quinque
908 2044 998 2107 sunt,
1031 2048 1185 2115 quorum,
1215 2027 1270 2116 qui
1289 2026 1429 2093 maxime

266 2147 384 2236 placet,
409 2147 510 2238 elige,
536 2171 588 2238 ac,
614 2150 859 2238 tempestatibus
886 2152 984 2218 anni¹
1017 2151 1167 2235 mutatis,
1196 2150 1309 2219 titulus
1333 2151 1429 2217 etiam

266 2271 444 2341 mutabitur
457 2290 489 2339 et
504 2271 643 2342 fabulam
658 2272 801 2355 habebis,
818 2298 889 2364 quae
903 2297 988 2342 nova
1003 2297 1130 2364 semper
1144 2275 1316 2344 videbitur.
1338 2299 1355 2336 »

310 2394 440 2465 Fabulae
458 2395 591 2486 alioqui,
613 2419 686 2485 quae
708 2398 824 2487 scripta
845 2421 913 2482 non
936 2417 997 2481 est,
1017 2399 1202 2486 brevissime
1223 2421 1327 2466 scenae
1346 2397 1428 2465 indi·

265 2539 391 2602 cantur,
408 2537 457 2601 ut,
474 2520 611 2611 exempli
622 2523 741 2608 gratia:
761 2549 778 2586 «
795 2523 906 2590 Primo
920 2543 994 2591 actu
1008 2537 1052 2574 -’
1066 2525 1127 2591 Via
1142 2563 1185 2574 -
1201 2521 1335 2590 Pantalo
1350 2521 1426 2589 doc·

266 2661 383 2733 torque
404 2647 504 2713 amice
526 2646 757 2735 colloquuntur
772 2687 816 2698 -
836 2639 1026 2716 Pantalonis
1041 2646 1139 2714 filiam
1158 2646 1274 2714 doctor
1293 2668 1429 2713 uxorem

265 2769 379 2855 poscit.
400 2808 445 2818 -
465 2770 632 2837 Promittit
654 2770 799 2840 Pantalo
822 2811 866 2822 -
888 2771 962 2838 Exit
982 2771 1099 2842 doctor
1112 2771 1305 2856 -Januam
1325 2768 1429 2858 pulsat

265 2891 398 2960 Pantalo
414 2913 446 2960 et
461 2894 640 2962 Rosautam
652 2912 760 2975 vocat,
776 2895 891 2984 quaein
905 2893 991 2962 viam
1007 2894 1182 2964 descendit.
1198 2919 1214 2958 s
1227 2895 1320 2963 Talia
1330 2895 1427 2960 nimis

265 3016 396 3107 antiqua
409 3016 616 3108 (anticaglr'a)
633 3018 711 3088 vitio
725 3019 819 3086 vertit
841 3018 996 3088 Horatius
1015 3019 1206 3109 culpamque
1224 3018 1429 3108 reprehendit

264 3142 365 3208 veniae
378 3142 557 3230 indignam,
570 3166 632 3232 qua
648 3142 776 3210 feminae
790 3129 884 3210 in'via
894 3143 1019 3232 publica
1034 3144 1278 3234 colloquuntur.
1298 3169 1314 3208 u
1325 3143 1428 3227 Quod

265 3267 385 3334 multos
403 3265 532 3357 quidem
552 3289 654 3334 annos
673 3268 821 3336 toleravit
839 3267 942 3352 Italia,
960 3267 1076 3356 pudori
1095 3291 1162 3337 non
1186 3271 1261 3336 satis
1280 3292 1425 3358 parcens,

265 3413 323 3456 nec
339 3407 447 3458 tamen
463 3389 560 3457 hodie
573 3389 742 3460 ferendum
758 3410 818 3460 est.
836 3417 852 3456 a
1221 3375 1227 3384 ⁸

307 3513 406 3582 Addit
418 3533 648 3602 argumentum
665 3536 756 3584 caure
775 3517 1004 3588 Arlecchinum
1024 3516 1196 3605 procedere
1216 3534 1248 3584 et
1268 3519 1313 3584 eri
1332 3536 1425 3607 caput

263 3635 399 3704 fustibus
413 3638 556 3726 implere.
569 3677 613 3688 -
631 3638 846 3726 «Indignum,
859 3640 991 3728 edepol!
1008 3640 1165 3708 exclamat
1181 3641 1349 3728 Horatius.
1363 3641 1426 3710 Sae·

263 3762 334 3850 pius
348 3779 478 3829 nostros
496 3781 618 3830 actores
641 3763 755 3831 talibus
775 3763 943 3832 indulsisse
965 3759 1044 3852 jocis
1064 3765 1144 3832 mihi
1168 3764 1300 3856 quidem
1321 3764 1423 3854 dolet,

264 3885 368 3973 quiin
383 3904 553 3976 posterum
566 3887 700 3975 periere.
717 3914 733 3952 r

309 4007 416 4077 Causa
437 4033 527 4098 paene
551 4010 728 4101 desperata,
753 4012 893 4081 fabulam
919 4010 1036 4082 Laelius
1056 4009 1150 4082 offert
1167 4036 1264 4104 quam
1280 4037 1297 4082 e
1311 4013 1425 4103 gallico

263 4154 412 4200 sermone
425 4136 533 4203 vertit.
552 4134 681 4205 Refutat
697 4133 871 4205 Horatius:

306 4297 350 4306 -
367 4258 499 4346 «Hujus
513 4259 631 4346 gentis,
647 4262 702 4342 ait,
713 4284 810 4350 opera
824 4263 960 4331 minime
973 4279 1164 4330 contemno.
1185 4260 1346 4328 Saeculum
1359 4259 1426 4328 fere

262 4398 371 4450 totum
394 4383 427 4450 in
451 4381 613 4451 comoedia
633 4383 717 4451 Galli
739 4389 946 4474 summopere
968 4387 1151 4468 valuerunt,
1173 4385 1228 4452 sed
1254 4408 1340 4452 nunc
1358 4384 1425 4452 dies

261 4507 362 4587 venit,
379 4530 442 4595 qua
456 4531 584 4576 necesse
605 4527 654 4578 est
673 4509 798 4577 Italiam
816 4534 872 4578 sua
890 4511 959 4577 vite
978 4512 1148 4579 ostendere
1164 4507 1343 4601 peritorum
1360 4510 1424 4578 ho-

300 4795 322 4836 r.
344 4779 440 4836 Temae
454 4794 530 4837 erant
544 4785 607 4837 anni
622 4785 727 4838 scaenici
742 4796 929 4856 tempestates:
945 4784 1043 4852 hiems,
1061 4801 1107 4840 ver
1121 4797 1147 4840 et
1162 4797 1314 4844 autumnus.
