3588 5680
522 696 567 745 DE
592 696 774 746 GOLDONIO
800 697 987 746 GALLORUM
1014 695 1215 744 IMITATORE.
1397 698 1457 764 117

286 837 356 926 ligit
374 839 508 906 maritus
528 854 701 929 quantum,
717 835 872 906 ficticium
893 859 1039 906 amorem
1059 838 1208 919 mentita,
1225 860 1308 906 uxor
1328 838 1457 906 utilitati

287 985 352 1044 suae
368 985 476 1031 revera
490 963 653 1031 inserviat.
674 963 713 1031 In
728 962 919 1032 Αάιιὶαιονιι
937 980 1050 1032 uotam
1060 962 1306 1034 MolieriAvari
1319 984 1456 1031 scaenam

286 1089 474 1176 reperimus,
492 1111 555 1179 qua
568 1087 655 1156 idem
670 1111 782 1156 servus
798 1089 938 1156 vicissim
952 1087 1047 1178 coqui
1063 1106 1094 1155 et
1109 1088 1227 1177 aurigae
1245 1089 1384 1179 speciem
1402 1087 1456 1154 in-

287 1211 366 1281 duit.
384 1212 421 1281 In
437 1210 549 1304 eadem
569 1212 675 1282 fabula
694 1212 733 1280 ab
749 1239 766 1278 <r
783 1211 961 1281 Adulatore
977 1238 992 1276 u
1012 1213 1172 1280 sermonis
1192 1230 1288 1282 tenor
1303 1236 1338 1280 ac
1352 1211 1457 1281 forma

285 1354 452 1422 mutatur,
481 1359 558 1405 cum
585 1335 816 1427 procedentem
843 1356 981 1405 matrem
1010 1336 1103 1422 filiae,
1133 1339 1267 1428 quicum
1298 1337 1454 1428 loquitur,

285 1459 391 1545 videt,
421 1481 458 1531 ut
488 1461 522 1530 in
550 1464 679 1544 Avaro,
710 1485 784 1530 cum
815 1463 960 1531 Valerius
990 1462 1084 1531 Eiisae
1112 1479 1236 1552 patrem
1264 1480 1456 1553 praesentem

284 1586 394 1655 sentit.
414 1585 574 1655 Ceterum
587 1584 762 1655 adulatoris
775 1587 975 1676 sigismundi
989 1588 1221 1684 habitusutotus
1238 1587 1383 1676 ejusdem
1393 1589 1455 1657 Va·

284 1711 351 1780 ierii
373 1711 408 1778 in
429 1729 540 1780 mente
564 1713 756 1780 memoriam
780 1710 918 1796 refricat,
937 1713 992 1803 qui
1016 1731 1048 1780 et
1068 1713 1136 1803 ipse
1155 1713 1344 1804 Harpagoui
1363 1710 1456 1782 bian-

284 1835 383 1920 ditur,
400 1859 466 1928 quo
486 1837 608 1926 gratior
627 1835 695 1905 fiat.
715 1833 941 1904 Adventiciam
953 1835 998 1904 ibi
1017 1859 1191 1926 personam
1211 1839 1243 1905 in
1258 1839 1455 1927 praecipuum

283 1961 381 2049 longe
396 1961 476 2030 alius
489 1960 603 2030 fabulae
617 1961 751 2028 heroem
767 1962 928 2029 convertit
943 1961 1141 2030 Goldonius.

327 2087 519 2154 Amantium
534 2086 753 2153 controversia
770 2087 805 2154 in
825 2087 942 2154 Amore
959 2097 1113 2175 patern0²
1127 2105 1225 2176 atque
1240 2086 1325 2153 inter
1342 2085 1455 2156 ambos

283 2211 401 2279 iterum
421 2212 523 2300 gratia
543 2209 645 2278 redux
665 2213 812 2279 animum
831 2210 870 2278 ad
885 2209 1015 2278 Mulieri
1033 2208 1172 2278 fabulam
1192 2208 1454 2279 celeberrimam³

284 2354 425 2403 revocat.
443 2335 517 2403 Alio
532 2336 565 2402 in
581 2335 674 2403 loco4
693 2334 862 2405 manifesta
875 2353 1005 2427 apparet
1022 2334 1116 2424 hujus
1134 2336 1242 2404 Avari
1256 2356 1368 2403 scaenae
1382 2336 1456 2402 imi·

285 2460 379 2545 tatio,
396 2461 523 2551 inqua,
541 2461 707 2551 supposita
726 2483 877 2550 persona,
897 2483 1053 2529 nummos
1068 2461 1199 2551 proprio
1215 2458 1282 2527 filio
1300 2461 1454 2550 Harpago

284 2584 487 2676 iniquissimo
512 2581 631 2653 faenore
655 2603 788 2654 mutuos
811 2583 878 2654 dat.
906 2585 944 2653 In
976 2583 1101 2652 Urbano
1125 2585 1263 2672 equite⁵‚
1290 2604 1307 2650 a
1332 2581 1455 2650 duabus

283 2708 479 2792 mulieribus,
493 2711 590 2778 amita
606 2727 702 2800 atque
717 2709 801 2778 illius
816 2708 921 2777 fratris
935 2707 1010 2793 filia,
1031 2725 1157 2775 amatus
1168 2726 1278 2774 comes
1295 2704 1453 2774 Octavius

284 2831 397 2902 eodem
417 2833 518 2902 modo
538 2833 712 2925 impeditur
737 2857 772 2902 ac
797 2832 926 2902 Molieri
949 2832 1147 2900 «Dominus
1168 2831 1310 2916 Joannes
1326 2856 1341 2894 >s
1369 2831 1454 2898 inter

283 2958 360 3028 duas
377 2957 526 3041 feminas,
543 2958 658 3050 quibus
673 2958 827 3028 ambabus
840 2981 874 3027 se
890 2959 973 3048 ipsas
988 2958 1163 3025 ducturum
1180 2952 1369 3045 spopondit.

327 3083 484 3152 Eamdem
515 3084 612 3152 etiam
641 3083 807 3153 fabulam⁶
835 3083 981 3150 imitatus
1011 3099 1059 3150 est
1090 3079 1294 3165 Goldonius,
1323 3079 1453 3149 liberius

281 3227 391 3278 autem
410 3226 597 3299 mutataque
622 3231 832 3298 personarum
855 3206 1057 3293 conditione,
1080 3230 1154 3274 cum
1177 3205 1355 3274 avunculus
1378 3208 1453 3297 qui-

281 3332 377 3401 dam⁷
397 3335 518 3401 sororis
539 3331 654 3416 filium,
671 3334 725 3424 qui
740 3333 910 3422 pecuniam
924 3350 1073 3399 mutuam
1096 3348 1265 3421 sumptum
1281 3332 1382 3415 venit,
1399 3330 1453 3398 be-

281 3457 378 3545 nigne
393 3458 520 3547 accipit,
537 3455 639 3525 multa
654 3456 693 3525 de
709 3457 810 3526 salute
823 3456 921 3542 iliius,
942 3455 981 3526 de
1000 3478 1113 3524 sorore
1132 3457 1263 3544 rogitat,
1283 3455 1323 3523 de
1341 3454 1451 3523 futuro

281 3583 491 3651 matrimonio
510 3582 656 3671 inquirit,
672 3580 740 3667 sed,
757 3584 1026 3673 quotiescumque
1044 3579 1230 3648 adulescens
1255 3578 1293 3647 de
1314 3579 1451 3647 credito-

280 3704 379 3791 ribus,
405 3705 557 3796 aquibus
581 3706 756 3790 lacessitur,
784 3707 988 3776 mentionem
1011 3704 1101 3806 iacit,
1128 3727 1315 3772 sermonem
1339 3701 1451 3772 incidit

279 3832 430 3922 iniquum
448 3855 483 3898 ac
504 3830 543 3899 de
562 3833 673 3900 ceteris
691 3831 785 3899 rebus
804 3815 958 3922 loquitur.
980 3830 1213 3899 Urbanissimis
1232 3847 1327 3897 utens
1346 3829 1449 3897 verbis

278 3958 430 4044 juvenem
449 3954 580 4025 tandem
599 3956 733 4041 reducit,
750 3979 890 4046 cumque
904 3956 969 4038 ille,
988 3955 1097 4023 vacuis
1120 3953 1245 4040 loculis,
1261 3953 1345 4022 foras
1359 3954 1448 4037 exiit,

318 4276 340 4314 r.
362 4257 531 4324 L’adulatore,
546 4258 607 4315 Act.
624 4258 658 4323 ΙΙ,
676 4276 712 4314 sc.
730 4261 756 4316 8.

314 4372 339 4412 2,
361 4357 464 4410 L'amor
472 4349 589 4427 paterno,
604 4355 664 4412 Act.
685 4355 732 4420 111,
749 4371 791 4416 sc,
804 4371 829 4410 2.

317 4472 339 4525 3.
361 4454 395 4508 Le
409 4453 477 4525 depit
490 4468 637 4509 amouraux.

313 4570 339 4620 4.
360 4553 465 4608 L'uomo
478 4552 507 4606 di
519 4552 619 4618 mmo,
634 4553 696 4610 Act.
712 4553 760 4620 ΙΙΙ,
777 4569 812 4609 sc.
831 4569 856 4622 3.
909 4622 912 4630 1

316 4667 339 4722 5.
361 4652 386 4705 11
399 4650 522 4705 cavaliara
537 4651 565 4704 di
579 4651 644 4704 baon
657 4657 739 4721 gusto.

314 4748 339 4806 6.
360 4749 422 4803 Don
433 4749 513 4818 Juan.

315 4863 338 4918 7.
360 4845 386 4900 ΙΙ
398 4848 497 4900 ritorno
511 4844 579 4898 dallo
592 4844 772 4916 villagiatura.
789 4845 858 4898 Vide
873 4845 1018 4909 Memoircs,
1034 4855 1052 4900 t.
1072 4843 1107 4908 ΙΙ,
1124 4859 1149 4913 p.
1168 4857 1228 4914 ²31·
