3588 5680
436 665 513 720 QUAE
538 663 615 712 SlNT
640 665 820 711 PRAECIPUAE
845 663 1078 712 GOLDONIANAE
1103 663 1273 712 PERSONAE.
1395 648 1435 730 '93

273 803 360 892 gelus
371 815 394 886 ¹,
420 805 474 891 qui
498 806 532 870 in
558 803 709 872 omnibus
731 803 825 891 hujus
848 804 1011 892 scriptoris
1032 803 1200 871 comoediis
1220 802 1296 871 duas
1312 822 1439 872 tantum

182 957 188 974 ·
272 927 425 995 femineas
440 947 545 1016 partes
566 929 695 1016 reperiri
714 949 810 1015 posse
824 929 879 1009 ait,
897 927 1015 995 scilicet
1034 928 1325 1014 virginemtenero
1344 935 1439 994 sensu

273 1051 437 1140 praeditam
461 1051 665 1141 puellamque
693 1053 856 1140 jocosam3
886 1051 1001 1140 quibus
1023 1070 1196 1118 contentus
1219 1072 1315 1141 poeta
1338 1055 1440 1140 majo·

272 1199 341 1243 rem
357 1175 573 1244 diversitatem
588 1200 654 1244 non
671 1177 796 1265 quaerit.

317 1299 469 1381 Quarum
484 1323 696 1389 personatum
710 1301 798 1388 prior
816 1300 1007 1390 plerumque
1027 1300 1180 1367 Rosautae
1205 1300 1339 1367 nomine
1357 1298 1440 1367 desi·

270 1444 402 1511 gnatur.
426 1399 604 1492 Pulchrum
626 1425 864 1492 adulescentem
886 1424 979 1507 vidit,
996 1421 1050 1512 qui
1070 1445 1153 1505 eam,
1175 1423 1255 1490 dum
1275 1425 1441 1491 maenianis

273 1548 437 1630 insideret,
462 1568 645 1616 reverenter
663 1549 829 1630 salutavit,
854 1570 908 1617 aut
926 1548 964 1616 ad
983 1571 1109 1615 sactum
1129 1567 1257 1615 secutus
1277 1567 1324 1616 est
1349 1551 1441 1638 eique

274 1672 404 1762 placuit,
414 1673 515 1762 quod,
528 1693 565 1742 ut
575 1675 654 1762 ipsa,
663 1674 788 1760 juvenis
796 1692 861 1741 etat
873 1692 967 1763 atque
976 1673 1009 1739 in
1020 1671 1149 1740 amandi
1165 1693 1322 1761 tempore.
1334 1674 1440 1740 Acuto

274 1817 383 1865 tamen
397 1799 529 1887 ingenio
552 1797 700 1888 dolisque
721 1797 859 1865 fecundo
875 1817 958 1864 caret
979 1797 1044 1877 illa,
1066 1795 1154 1886 quod
1176 1796 1305 1863 Molieri
1323 1798 1442 1884 Agneti

275 1939 341 1989 tam
363 1922 449 2008 large
468 1924 622 2012 suppetit,
645 1921 740 1988 firmo
763 1924 860 1989 etiam
880 1922 1029 1989 Henricae
1048 1921 1179 2006 judicio,
1201 1943 1260 1987 nec
1276 1918 1443 1987 turbulen-

275 2065 346 2113 tum
361 2069 593 2136 procacemque
609 2045 704 2113 habet
722 2049 882 2130 animum,
900 2068 966 2134 quo
978 2043 1127 2133 Agathe²
1141 2045 1290 2132 agitatur.
1309 2043 1442 2133 Simpli-

275 2171 399 2237 cissima
425 2171 532 2260 potius
556 2191 617 2253 est,
643 2195 710 2238 non
736 2172 810 2259 quia
829 2172 903 2239 vitae
926 2189 1004 2238 tunc
1027 2171 1123 2236 etiam
1148 2167 1251 2252 rudis,
1276 2167 1331 2235 sed
1354 2170 1441 2258 quod

276 2316 388 2362 natura
400 2294 546 2362 incallida
561 2315 608 2362 est
624 2317 658 2361 ac
674 2317 914 2384 nonnunquam
930 2295 1067 2362 omnino
1082 2293 1211 2362 insulsa.

245 2445 247 2450 ·
320 2419 408 2486 Licet
419 2417 641 2506 duodeviginti
651 2441 754 2486 annos
769 2438 844 2485 nata
858 2420 911 2500 sit,
929 2441 1033 2507 puppa
1045 2437 1153 2485 tamen
1171 2419 1312 2486 Rosaura
1326 2416 1405 2485 ludit
1418 2409 1440 2500 ³,

277 2543 352 2633 quid
368 2545 408 2610 sit
431 2544 564 2610 maritus
585 2543 750 2631 ignorans,
772 2544 942 2631 virumque
966 2541 1024 2608 sibi
1046 2540 1173 2623 habere,
1190 2543 1339 2609 omnium
1361 2543 1443 2608 ami-

272 2647 385 2735 carum
399 2668 511 2750 instat,
529 2685 656 2735 tantum
677 2667 777 2755 cupit,
796 2666 884 2756 quod
903 2666 1057 2755 pervicaci
1076 2665 1186 2733 animo
1206 2662 1443 2754 puerilibusque

277 2789 421 2879 precibus
440 2813 458 2857 a
476 2809 565 2879 patre
580 2791 671 2878 petit.
689 2788 880 2857 Plotindum
896 2789 983 2855 enim
1006 2789 1113 2870 novit,
1129 2789 1184 2877 qui
1199 2810 1283 2864 eam,
1300 2788 1441 2876 quoties-

277 2925 415 3003 cumque
428 2913 527 2995 videt,
544 2913 656 2982 salutat
673 2935 820 3003 eamque,
838 2912 976 3002 quadam
992 2911 1055 2996 die,
1074 2911 1195 2979 donate
1210 2911 1346 2978 tentavit
1363 2934 1371 2977 :

320 3075 365 3088 -
381 3068 396 3097 α
415 3039 495 3120 Quo
510 3037 599 3104 dono
611 3037 624 3104 ?
638 3058 729 3126 pater
743 3036 934 3105 exclamat⁴.

321 3163 431 3231 -Ne
446 3161 559 3229 saltem
575 3183 703 3228 mecum
720 3161 946 3228 stomacherisl

319 3285 431 3354 -Tu
447 3308 543 3374 porro
559 3286 704 3375 loquere,
722 3287 869 3374 pessima,
886 3307 943 3351 nec
959 3283 1088 3372 longius
1103 3282 1248 3351 dubites!

321 3449 363 3460 -
379 3409 434 3477 Me
449 3409 570 3476 donare
585 3408 688 3476 voluit
693 3461 758 3478 .....

321 3573 365 3584 -
378 3533 433 3602 Tu
449 3556 501 3600 me
516 3533 696 3600 excrucias!

321 3697 362 3709 -
380 3659 539 3747 Pupulo⁵.
566 3657 629 3725 Sed
655 3656 771 3724 liberos
790 3658 816 3723 si
838 3655 993 3737 voluer0,
1014 3653 1070 3722 illo
1096 3654 1175 3720 mihi
1201 3677 1267 3720 non
1294 3675 1374 3741 opus
1397 3671 1445 3719 est

278 3805 436 3871 agamque
452 3781 539 3849 idem
555 3780 642 3870 quod
659 3781 826 3863 Flaminia,
845 3779 1007 3846 Ludovica
1022 3799 1053 3846 et
1070 3779 1276 3846 Constantia.

322 3945 366 3957 -
381 3903 415 3973 O
431 3905 653 3973 stultissimam
668 3906 675 3971 l
695 3931 712 3968 u

323 4029 480 4096 Eamdem
495 4029 721 4111 insulsitatem,
738 4050 801 4115 qua
820 4051 887 4094 non
908 4026 1040 4094 feliciter
1056 4026 1183 4093 Molieri
1208 4026 1347 4092 Uxorum
1363 4025 1445 4092 scho-

279 4154 343 4221 lam
357 4154 500 4221 imitatus
511 4171 559 4220 est
571 4150 767 4232 Goldonius,
786 4153 818 4218 in
836 4151 1001 4220 nonnullis
1013 4150 1127 4219 fabulis
1141 4151 1298 4232 invenias,
1315 4171 1351 4216 ac
1365 4171 1445 4236 prae-

318 4425 340 4467 t.
365 4405 533 4478 Vorlesungen
546 4405 607 4460 abar
620 4404 785 4459 dramatischa
799 4403 885 4458 Kunst
899 4405 952 4458 und
967 4401 1109 4472 litaretur,
1124 4406 1172 4462 ῙΧ.

318 4521 342 4562 2.
363 4505 425 4560 Vid.
441 4503 578 4574 Regnard‚
594 4503 640 4556 Les
653 4502 908 4556 Foliesamourauses.

318 4619 340 4672 3.
362 4601 388 4655 Il
399 4605 578 4671 conttratempo
591 4616 607 4652 o
618 4597 643 4652 Il
655 4597 825 4652 chiaccherona
839 4597 1005 4669 imprudente.

315 4714 341 4766 4,
362 4700 424 4756 Act.
442 4699 476 4764 ΙΙ,
491 4713 528 4752 sc.
549 4713 589 4767 17.

319 4814 340 4866 5.
362 4797 407 4852 Un
423 4797 591 4851 bamboccio.
