3588 5680
300 631 360 696 104
419 605 422 610 ’
469 630 513 675 DE
539 628 720 676 ootooiuo
746 627 887 676 mamea
913 627 1031 676 scieura
1056 625 1290 674 consessore.

297 767 450 852 vidimus,
466 790 568 858 usque
581 765 714 834 antehac
731 783 858 834 tantum
874 764 1003 848 fecerat,
1021 787 1164 856 moxque
1176 792 1192 828 u
1204 782 1375 833 venturam
1395 767 1463 833 tris·

298 911 365 960 tem
381 909 582 959 senectutem
596 891 689 957 anxia
702 889 919 959 sollicitudine
928 888 1134 980 providebat¹
1148 914 1182 973 u,
1195 906 1274 956 tunc
1284 888 1355 978 plus
1366 911 1462 979 quam

299 1015 530 1105 quinquaginta
554 1035 657 1081 annos
681 1032 793 1097 natus3
818 1015 939 1103 itaque,
967 1036 1042 1081 cum
1063 1014 1097 1080 in
1121 1014 1221 1100 patria
1246 1030 1367 1080 certam
1390 1014 1464 1080 vitae

298 1137 520 1206 conditionem
542 1139 751 1206 inventurum
765 1159 806 1206 *se
827 1159 896 1206 non
917 1138 981 1225 jam
1005 1154 1157 1227 speraret,
1181 1135 1220 1204 ad
1241 1135 1294 1204 illa
1315 1135 1463 1226 quaesibi

297 1264 461 1353 proposita
486 1279 575 1329 etant
599 1263 742 1344 accessit,
769 1285 828 1330 nec
851 1261 956 1330 multo
978 1261 1087 1330 labore
1115 1258 1252 1329 abeundi
1278 1259 1462 1329 facultatem
1535 1349 1537 1352 Ι

298 1386 451 1455 obtinuit.
468 1386 618 1474 Triginta
637 1386 735 1454 millia
756 1387 940 1455 sestertium
963 1387 1137 1475 quotannis
1159 1408 1235 1452 eum
1257 1404 1462 1474 accepturum

298 1525 498 1578 conventum
526 1525 610 1590 etat,
635 1531 702 1598 quo
732 1509 835 1598 pretio
864 1508 984 1577 fabulas
1013 1531 1126 1592 novas,
1146 1527 1305 1597 quantum
1334 1531 1462 1577 necesse

296 1630 394 1716 foret,
412 1655 445 1699 se
458 1633 651 1720 scripturum
665 1631 827 1721 pollicitus
842 1651 901 1700 est.

344 1755 453 1822 Sancti
477 1754 573 1821 Lucae
601 1771 709 1823 autem
739 1754 903 1823 theatrum
928 1754 1122 1844 impeditum
1147 1755 1327 1845 relinquere
1352 1756 1464 1824 nolens

299 1876 471 1947 nonnullas
486 1880 568 1946 ultra
582 1879 758 1948 comoedias
775 1878 898 1962 docuit,
916 1899 952 1947 ut
967 1878 1108 1948 hibernis
1125 1880 1324 1969 temporibus
1340 1879 1463 1947 suffice·

299 2021 399 2085 retur,
415 2019 511 2093 atque
524 2004 657 2072 ineunte
670 2025 782 2071 mense
801 2004 903 2093 aprili,
921 2026 1007 2071 anno
1029 2005 1124 2088 1761,
1141 2003 1302 2091 profectus
1319 2023 1380 2087 est,
1397 2026 1464 2070 non

298 2126 423 2215 magnis
454 2144 562 2194 tamen
587 2127 755 2195 itineribus
779 2129 997 2215 peregrinans,
1024 2150 1099 2193 nam
1129 2128 1300 2212 Bononiae,
1327 2128 1463 2210 Parmae,

301 2249 470 2318 Placentiae
489 2266 648 2329 moratus,
664 2249 697 2316 in
716 2251 830 2317 itinere
848 2249 968 2317 fabulas
986 2250 1131 2317 cantibus
1151 2249 1312 2317 ornandas
1328 2272 1465 2339 compo-

301 2371 396 2441 nebat
417 2369 566 2462 apudque
587 2372 742 2460 principes
765 2370 869 2440 officia
891 2372 1015 2440 assidue
1037 2373 1158 2442 obibat.
1185 2371 1304 2440 Tribus
1325 2375 1368 2440 ita
1390 2396 1465 2440 con·

301 2496 436 2586 sumptis
451 2495 628 2578 mensibus,
646 2494 793 2564 nondum
809 2497 842 2562 in
858 2495 937 2563 fines
952 2496 1134 2563 Genuensis
1149 2494 1342 2587 reipublicae,
1358 2498 1466 2564 uxoris

300 2644 366 2688 suae
383 2621 503 2708 patriae,
527 2637 714 2707 pervenerat
725 2647 735 2704 ;
760 2618 815 2703 ibi,
834 2619 971 2688 Galliam
993 2638 1182 2701 attactutus,
1198 2622 1233 2687 in
1254 2643 1372 2688 navem
1391 2644 1467 2688 con·

300 2742 423 2811 scendit
446 2761 496 2826 et,
520 2742 723 2830 naufragium
747 2764 837 2832 paene
861 2766 988 2832 passus,
1008 2744 1132 2811 Varum
1155 2743 1279 2812 flumen
1307 2746 1465 2827 transivit,

300 2867 379 2936 dum
395 2867 523 2934 Molieti
536 2866 685 2934 umbram
700 2867 819 2934 auxilio
835 2867 894 2934 sibi
908 2867 1050 2934 futuram
1066 2867 1248 2936 invocabat.

347 2991 458 3076 Magni
473 2991 587 3056 comici
606 2993 865 3079 poetae'patriam
887 2989 1020 3058 tandem
1042 2992 1167 3058 visurus
1190 2992 1414 3081 praesentiebat
1435 2994 1467 3059 in

302 3113 365 3182 hoc
385 3136 473 3180 novo
497 3111 568 3180 solo
592 3114 761 3201 ingenium
787 3135 883 3180 suum
908 3131 1101 3182 renovatum
1121 3116 1161 3182 iri
1183 3134 1215 3182 et
1238 3115 1277 3181 ad
1302 3115 1467 3203 fastigium

302 3255 545 3326 perventurum,
562 3235 649 3325 quod
665 3235 816 3304 nondum
832 3237 999 3326 attigisset.
1014 3238 1053 3304 In
1068 3236 1189 3320 eund0‚
1206 3239 1245 3307 de
1261 3261 1307 3319 te,
1325 3238 1469 3329 quaesibi

302 3361 411 3448 magni
431 3378 495 3427 erat
515 3362 689 3441 momenti,
706 3360 824 3426 certior
843 3359 946 3428 factus
965 3379 1037 3428 est:
1056 3360 1203 3448 precibus
1218 3360 1396 3428 obtinuisse
1410 3362 1468 3430 ita-

303 3484 382 3551 licos
401 3483 569 3551 comoedos
591 3483 710 3553 aboleri
728 3485 762 3550 in
783 3484 860 3551 urbe
881 3485 1010 3551 Lutetia
1027 3484 1203 3567 theatrum,
1220 3487 1270 3552 cui
1295 3503 1386 3552 antea
1406 3508 1469 3552 no-

304 3631 377 3674 men
398 3635 414 3671 a
425 3607 716 3700 Opera-Comique
728 3635 761 3693 u,
777 3609 917 3699 ipsisque
936 3608 1061 3676 licuisse
1080 3608 1201 3678 fabulas
1216 3633 1383 3700 usurpate,
1399 3634 1470 3700 quae

303 3732 398 3818 hujus
413 3755 524 3799 scaenae
540 3745 643 3800 essent
653 3760 665 3818 3*
676 3756 741 3822 quo
757 3732 851 3800 fiebat
866 3751 902 3800 ut
914 3732 1099 3822 spectaculis
1111 3737 1214 3820 major
1231 3737 1365 3803 varietas
1381 3733 1469 3802 affer·

305 3877 403 3937 tetur,
420 3879 494 3924 cum
511 3876 542 3923 et
557 3856 703 3923 cantibus
718 3876 748 3922 et
765 3856 933 3925 saltatione
948 3859 995 3926 uti
1012 3880 1203 3925 concessum
1217 3858 1339 3928 fuisset.

350 3979 506 4048 Goldonii
521 3999 628 4048 autem
640 3981 847 4070 populatibus
857 4004 984 4048 summa
995 3982 1078 4049 illius
1089 3984 1285 4071 exspectatio
1297 4003 1377 4065 etat,
1389 3981 1470 4050 arbi·

306 4102 535 4193 trabanturque
549 4127 623 4170 eum
639 4106 792 4171 nonsatis
805 4103 966 4186 festinare,
980 4104 1068 4195 quod
1081 4125 1211 4193 pactum
1223 4124 1319 4189 esset,
1332 4103 1467 4172 solvere.

307 4227 393 4294 Cum
419 4228 556 4293 lutetiae
580 4228 769 4316 proximus²
790 4226 868 4311 fuit,
885 4227 1011 4295 duobus
1036 4229 1130 4296 italici
1154 4231 1260 4317 gregis
1288 4229 1468 4296 actoribus3

306 4354 458 4437 occurrit,
475 4354 529 4442 qui
543 4355 571 4420 ei
588 4353 715 4421 obviam
732 4353 867 4435 fuerant,
885 4357 963 4423 utin
975 4356 1088 4424 urbem
1103 4355 1337 4445 ingredientem
1354 4354 1469 4423 hones-

345 4591 367 4630 1.
390 4574 534 4639 Mimoiras,
548 4586 567 4632 t.
585 4575 620 4640 11,
637 4592 662 4645 p.
681 4589 739 4645 340.

343 4677 368 4719 2.
389 4661 420 4715 In
434 4664 507 4730 vico,
522 4664 564 4716 cui
578 4678 695 4716 nomen:
712 4662 842 4734 Villejuif.

345 4767 368 4820 3.
389 4751 500 4804 Zanuzzi
517 4762 542 4804 et
556 4752 618 4805 Mme
632 4753 703 4810 Savi,
