3588 5680
360 683 421 748 134
530 681 573 726 DE
599 677 780 725 GOLDONIO
805 676 947 724 ITALICAE
973 677 1091 724 SCAENAE
1115 676 1351 726 CORRECTORE.

357 819 453 886 hodie
472 818 626 885 ex'stincta
646 816 790 884 simultas
810 838 882 905 pars
902 838 969 883 non
985 813 1106 882 silenda
1121 817 1162 883 sit
1176 814 1355 883 litterarum
1378 815 1521 883 historiae

357 945 390 1009 in
411 941 518 1024 Italia,
540 940 666 1008 decimo
686 957 801 1007 octavo
824 937 959 1024 saeculo,
983 941 1097 1029 resque
1116 937 1212 1026 digna
1232 937 1378 1009 videatur
1399 938 1438 1006 de
1459 962 1521 1029 qua

357 1064 470 1134 saltem
491 1066 679 1134 summatim
694 1065 817 1132 mentio
833 1061 900 1131 fiat.

402 1281 525 1349 Comes
539 1278 678 1349 Carolus
694 1278 845 1361 Gozzius,
857 1279 905 1345 vir
919 1276 1087 1365 singularis
1095 1293 1125 1343 et
1142 1279 1338 1344 acommuni
1349 1269 1522 1345 hominum

355 1420 451 1465 sensu
464 1395 653 1476 abhorrens,
667 1395 845 1479 fortunam,
860 1392 941 1460 dum
955 1393 1080 1480 juvenis
1094 1409 1173 1474 erat,
1192 1389 1302 1459 multis
1322 1390 1428 1459 modis
1451 1409 1520 1462 ten·

355 1539 494 1590 raverat:
512 1519 579 1588 haec
592 1535 705 1608 postea
718 1517 857 1585 narravit
870 1517 905 1583 in
922 1515 1163 1585 Commentariis
1177 1536 1265 1582 anno
1284 1517 1368 1602 1780
1383 1517 1521 1605 scriptis,

355 1665 431 1710 curn
445 1646 509 1732 jam
523 1641 757 1728 sexagesimum
781 1662 903 1708 annum
926 1657 1047 1728 ageret,
1064 1657 1096 1707 et
1116 1661 1203 1706 anno
1228 1659 1311 1726 1797
1327 1639 1433 1724 editis,
1450 1640 1519 1729 qui·

357 1764 416 1835 bus
443 1765 603 1833 «Inutiles
629 1766 910 1843 commentarios»,
933 1763 1100 1834 modestiae
1121 1760 1247 1831 favendi
1267 1764 1385 1852 gratia,
1407 1780 1444 1831 ut
1466 1764 1522 1846 ait,

357 1888 490 1958 titulum
512 1889 700 1979 imposuit¹‚
718 1888 979 1956 «oscitationem
1000 1909 1220 1977 somnumque
1244 1909 1312 1954 sese
1332 1885 1394 1955 illis
1413 1885 1524 1956 allatu·

356 2035 430 2081 rum
445 2034 588 2102 sperans,
606 2011 661 2103 qui
683 2010 790 2100 vigilia
810 2011 990 2079 laborarent
1006 2035 1038 2079 a.
1057 2010 1136 2092 Quo
1157 2011 1192 2077 in
1214 2008 1296 2077 libro
1318 2011 1402 2078 inter
1424 2009 1525 2077 multa

357 2153 463 2204 narrat
477 2158 511 2203 se
525 2153 589 2204 tres
604 2157 708 2202 annos
722 2136 756 2203 in
772 2133 932 2203 Dalmatia
949 2134 1116 2216 meruisse,
1133 2156 1205 2222 quae
1221 2135 1323 2222 regio,
1338 2135 1435 2202 etiam
1454 2151 1524 2201 tum

357 2259 420 2326 iera
435 2281 471 2327 ac
485 2277 599 2328 natura
609 2280 729 2347 aspera,
745 2256 844 2347 longe
857 2257 1080 2338 Venetiarum,
1090 2254 1214 2323 luxuria
1225 2273 1256 2323 et
1266 2254 1402 2323 mollitie
1413 2254 1525 2323 hebes·

358 2385 515 2464 centium,
531 2381 692 2451 dissimilis
708 2400 785 2450 erat.
806 2379 1034 2450 Commentarii
1047 2402 1086 2448 eo
1099 2381 1173 2469 ipso
1188 2398 1335 2469 tempore
1354 2379 1432 2448 editi
1453 2379 1525 2447 fue-

359 2524 434 2574 runt
451 2528 516 2597 quo
532 2507 655 2574 Veneta
670 2505 779 2574 civitas
788 2504 971 2574 libertatem
980 2505 1142 2585 amiserat,
1152 2521 1348 2572 testamento
1362 2502 1481 2571 similes
1496 2522 1527 2570 et

359 2633 392 2700 in
408 2632 523 2723 quibus
538 2631 624 2699 exitii
639 2653 741 2700 causae
756 2629 1000 2721 explicarentur.
1013 2628 1125 2710 Illum,
1138 2629 1194 2719 qui
1209 2652 1245 2696 ea
1260 2645 1354 2696 aetate
1367 2654 1383 2693 a
1394 2629 1497 2696 civem
1510 2654 1525 2691 u

361 2756 534 2838 Gozzium,
550 2757 665 2848 quovis
682 2755 743 2824 alio
758 2755 935 2824 honorario
950 2753 1085 2820 nomine
1107 2755 1244 2836 omisso,
1260 2751 1408 2843 appellari
1428 2775 1461 2820 se
1482 2756 1528 2840 ju·

360 2880 454 2948 bebat
464 2881 572 2970 etqui,
584 2881 617 2948 in
631 2877 933 2948 Commentariorum
943 2900 1079 2946 suorum
1090 2877 1253 2967 prooemio
1264 2899 1348 2945 nova
1360 2875 1527 2957 vocabula,

361 3027 378 3070 a
395 3003 496 3072 Gallis
509 3003 543 3070 in
558 3001 684 3070 Italiam
699 3001 805 3070 illata:
827 3027 843 3066 «
858 3001 1056 3069 Libertatem
1066 3041 1109 3051 -—
1123 2999 1356 3091 AEqualitatem
1367 3027 1384 3065 u
1398 3002 1530 3089 inscrip-

362 3129 415 3210 sit,
431 3127 618 3216 saepissime,
635 3124 716 3193 dum
732 3125 917 3195 Goldonius
931 3127 1076 3193 Veneriis
1092 3125 1255 3209 manebat,
1272 3147 1401 3193 cernere
1416 3141 1482 3192 erat
1497 3126 1529 3190 in

363 3250 472 3318 Sancti
494 3250 594 3317 Marci
616 3247 689 3317 foro
713 3247 987 3332 deambulantem,
1003 3267 1132 3317 'statura
1158 3249 1372 3331 eminentem,
1394 3248 1529 3337 antiquo

364 3395 455 3440 more
477 3373 643 3455 vestitum,
671 3374 832 3460 majorum
856 3371 1095 3439 strictissimum
1119 3370 1292 3455 fautorem,
1317 3371 1529 3452 taciturnum,

363 3495 476 3565 acerbo
499 3496 609 3563 auimo
629 3513 725 3587 atque
748 3497 782 3562 in
803 3494 919 3563 melius
939 3493 1167 3563 vertendarum
1188 3517 1295 3562 rerum
1313 3516 1369 3583 spe
1393 3495 1531 3561 omnino

364 3619 567 3688 destitutum.
579 3620 657 3687 Sine
665 3620 905 3688 intermissione
915 3616 1356 3687 animuminnumerabilibus
1367 3616 1531 3688 intentum

364 3743 471 3840 litibus
487 3743 634 3828 habebat,
651 3743 766 3834 quibus
781 3742 976 3810 adversarios
987 3741 1209 3831 duodeviginti
1219 3763 1322 3810 annos
1333 3741 1366 3807 in
1377 3741 1531 3830 judicium

365 3867 508 3952 deduxit,
524 3887 560 3937 ut
575 3869 619 3935 rei
632 3866 794 3936 familiaris
811 3884 996 3956 usurpatam
1012 3883 1135 3956 partem
1151 3865 1346 3948 vindicaret;
1365 3887 1440 3932 cum
1453 3887 1531 3933 vero

365 3991 528 4060 interdum
545 3991 663 4080 aliquid
684 3992 742 4058 otii
761 3990 805 4057 illi
828 4009 922 4075 esset,
939 3989 1097 4080 populum
1117 3988 1278 4072 irridebat,
1295 3991 1351 4078 qui
1374 3986 1532 4077 voluptati

366 4134 495 4184 tantum
509 4113 680 4203 indulgens
693 4114 878 4203 spectaculis
895 4117 963 4183 sine
978 4115 1087 4182 labore
1101 4112 1240 4181 visendis
1256 4112 1418 4196 studebat,
1437 4131 1533 4202 atque

367 4240 527 4306 acerrimis
543 4239 620 4326 jocis
640 4236 820 4328 aculeisque
836 4237 1039 4306 Goldonium
1055 4256 1086 4307 et
1104 4237 1288 4320 Chiarium,
1307 4237 1447 4304 maxima
1462 4259 1535 4325 gra·

367 4365 410 4430 tia
419 4361 502 4452 apud
517 4362 642 4452 plebem
657 4361 809 4442 valentes,
823 4384 1029 4452 summopere
1042 4361 1302 4450 persequebatur.

412 4486 531 4575 Injuria
546 4485 676 4576 quidem
690 4485 826 4553 alterum
839 4484 928 4553 alteri
945 4505 1147 4573 componens
1164 4483 1276 4551 eadem
1295 4481 1385 4550 lance
1407 4499 1533 4551 utrum·

407 4721 429 4761 ι,
451 4704 574 4759 Memorie
588 4705 689 4770 inutili,
700 4704 844 4776 pubblicum
853 4712 898 4774 per
913 4704 1004 4756 umiltd
1018 4703 1121 4772 (1797).
1135 4703 1197 4756 Vita
1213 4701 1353 4755 defunctus
1369 4712 1408 4754 est
1423 4707 1535 4771 scriptor

370 4807 440 4844 anno
459 4791 534 4848 1806.
