3600 5682
376 629 414 694 50
552 629 595 674 DE
620 628 798 675 GOLDONlO
824 626 963 674 ITALlCAE
989 626 1108 672 SCAENAE
1132 625 1355 674 CORRECTORE

372 766 467 847 actio,
484 764 603 850 addit¹,
620 784 765 834 enatura
779 783 941 857 prompta,
955 766 1054 834 Gallis
1070 783 1141 834 tum
1154 764 1238 833 licita
1254 764 1404 855 ltalisque
1419 765 1531 848 vetita,

373 889 451 958 mihi
474 908 642 980 tantopere
665 891 783 981 placuit
813 910 860 973 ut,
889 909 1048 983 quantum
1076 890 1227 971 valerem,
1259 889 1528 958 exclamaverim:

375 1014 564 1098 «Plaudite,
585 1017 690 1086 cives!
710 1042 726 1080 x
747 1016 833 1084 Tam
851 1017 990 1105 graviter
1009 1015 1079 1083 laedi
1098 1015 1264 1104 publicum
1286 1014 1444 1105 pudbrem
1464 1038 1530 1082 non

371 1138 566 1209 tolerabatur
584 1139 667 1231 apud
685 1159 817 1231 gentem
838 1144 872 1208 in
891 1165 953 1231 qua
969 1168 984 1205 r<
1002 1140 1125 1208 cicisbei
1144 1167 1159 1205 n
1180 1139 1351 1222 florebant,
1373 1159 1469 1231 atque
1489 1142 1531 1206 ita

371 1264 545 1354 explicatur
565 1289 621 1334 cur
641 1283 707 1334 tam
726 1264 831 1354 pallidi
850 1265 969 1334 fuerint
987 1264 1258 1354 goldonianarum
1276 1263 1456 1334 fabularum
1476 1287 1531 1332 co-

370 1388 473 1459 lores.
486 1391 610 1457 Verum
633 1409 741 1459 tamen
762 1391 898 1479 scriptor
917 1388 1125 1479 intelligebat,
1147 1392 1237 1479 cujus
1257 1390 1301 1456 rei
1324 1390 1413 1492 testis
1437 1388 1532 1478 hujus

371 1512 519 1603 praedicta
534 1512 734 1600 exclamatio,
752 1537 827 1605 qua,
846 1537 912 1582 suae
926 1515 1002 1582 artis
1016 1513 1178 1603 angustias
1193 1515 1346 1598 sentiens,
1364 1512 1444 1580 fines
1458 1535 1531 1601 pro·

370 1638 507 1728 pagandi
527 1641 748 1707 necessitatem
764 1637 934 1707 indicabat.

416 1891 571 1959 Censurae
584 1891 760 1958 reverentia
770 1889 954 1959 Goldonius
968 1891 1065 1960 etiam
1079 1889 1247 1977 singularis
1261 1891 1444 1958 certaminis
1455 1911 1531 1956 con-

369 2015 574 2084 suetudinem
597 2016 764 2104 vituperat.
793 2013 992 2102 Huiusmodi
1016 2015 1206 2097 certamina,
1230 2014 1416 2103 germanico
1441 2036 1532 2081 more

369 2139 566 2224 introducta,
588 2161 755 2231 nunquam
774 2141 808 2207 in
827 2140 917 2207 Italia
935 2141 1066 2229 optimae
1086 2140 1221 2207 civitatis
1240 2142 1290 2228 jus
1309 2137 1528 2221 obtinuerant,

370 2265 564 2357 injuriasque
590 2287 662 2332 suas
690 2264 839 2332 homines
867 2287 935 2332 non
965 2282 1032 2332 tam
1062 2262 1185 2332 urbano
1214 2262 1316 2332 modo
1343 2264 1532 2354 plerumque

370 2389 600 2458 ulciscebantur
607 2416 617 2475 3
636 2389 772 2457 honoris
787 2408 895 2457 tamen
914 2387 1087 2458 vindicatio
1107 2388 1189 2479 apud
1210 2390 1396 2478 optimates,
1418 2390 1533 2478 Hispa-

371 2537 491 2584 norum
510 2516 547 2584 ad
567 2515 741 2604 exemplar,
762 2515 914 2604 paulatim
933 2493 1134 2600 invaluerat3
1155 2537 1253 2604 quam
1272 2531 1396 2599 noster,
1418 2532 1532 2582 natura

370 2642 454 2732 pacis
465 2663 591 2723 amans,
609 2662 676 2709 non
691 2639 833 2708 multum
848 2639 1003 2708 dubitavit
1019 2638 1162 2708 elabulis
1176 2638 1344 2728 expellere.
1365 2639 1402 2706 ln
1417 2639 1531 2728 Equite

369 2779 397 2834 et
412 2778 575 2837 mutrona²
589 2767 786 2834 rarissimum
807 2766 917 2835 locum
934 2766 1119 2835 invenimus
1138 2766 1172 2832 in
1187 2788 1253 2855 quo
1268 2762 1308 2831 de
1324 2763 1382 2832 hac
1396 2765 1530 2832 consue·

334 2943 335 2950 .
370 2891 480 2960 tudine
494 2893 611 2980 agitur,
628 2915 761 2982 eamque
776 2894 912 2981 scriptor
926 2893 995 2959 sine
1010 2890 1197 2979 ambagibus
1212 2888 1428 2978 reprehendit.
1443 2889 1529 2957 Cum

368 3016 553 3086 adulescens
571 3016 701 3107 quidam
715 3018 834 3101 virum,
853 3018 908 3107 qui
922 3027 1032 3106 aequus
1047 3034 1079 3083 et
1093 3016 1218 3083 ratione
1232 3015 1331 3083 vitam
1351 3038 1448 3104 agens
1461 3013 1529 3082 des·

368 3142 512 3224 cribitur,
534 3140 572 3210 ad
594 3141 752 3230 singulare
772 3159 934 3209 certamen
956 3139 1138 3208 inconsulte
1159 3157 1375 3229 provocasset,
1394 3139 1445 3207 hic
1465 3163 1529 3208 res·

366 3267 529 3357 pondebat
548 3292 556 3336 ε
582 3308 624 3318 -
651 3295 666 3332 a
684 3267 838 3335 Prohibet
855 3265 998 3350 infamia,
1015 3289 1077 3356 qua
1098 3266 1188 3333 istius
1209 3266 1391 3334 certaminis
1407 3265 1528 3332 crimen

367 3411 509 3475 notatur,
528 3395 606 3484 quin
627 3394 850 3482 provocationi
870 3409 933 3459 tuae
951 3414 1008 3480 par
1026 3390 1171 3458 referam.
1192 3390 1309 3459 Gladio
1328 3409 1437 3458 autem
1456 3413 1529 3459 sum

367 3520 489 3587 cinctus
504 3517 542 3585 ad
559 3540 611 3584 me
626 3516 865 3586 defendendum
886 3518 1082 3608 injuriasque
1100 3514 1297 3604 repellendas
1307 3543 1316 3602 ;
1334 3538 1386 3582 me
1403 3536 1529 3604 semper

367 3666 465 3710 manu
482 3644 760 3733 promptissimum
774 3642 930 3726 invenies,
948 3641 1143 3730 ubicumque
1158 3662 1332 3730 provocare
1349 3638 1489 3707 audebis.
1510 3665 1526 3701 >r

411 3767 618 3835 Existimabat
641 3790 717 3835 sane
738 3765 922 3835 Goldonius
945 3768 989 3834 ita
1010 3740 1172 3834 conciliari
1192 3789 1287 3856 posse
1309 3782 1341 3832 et
1363 3766 1527 3853 magistra·

367 3912 460 3961 tuum
476 3893 688 3960 reverentiam
701 3910 732 3958 et
747 3893 807 3959 viri
821 3891 928 3972 decus,
948 3892 1002 3982 qui
1018 3892 1102 3958 inter
1122 3891 1257 3958 civitatis
1277 3890 1450 3979 optimates
1470 3913 1527 3956 nu-

367 4036 519 4086 meratur.
538 4016 676 4084 Difficile
692 4035 799 4083 tamen
815 4016 889 4083 huic
905 4039 1059 4106 responso
1074 4016 1262 4105 plausissent
1285 4014 1386 4104 gallici
1407 4030 1527 4104 specta-

368 4159 465 4226 tores,
482 4141 554 4209 licet
568 4143 761 4232 gravissimis
780 4142 898 4230 poenis,
915 4143 970 4232 qui
990 4141 1101 4209 talium
1123 4140 1336 4208 certaminum
1358 4139 1527 4228 participes

365 4267 512 4350 fuissent,
529 4261 749 4351 afficerentur;
771 4268 803 4334 in
824 4265 912 4334 ltalia
931 4267 1041 4349 etiam,
1063 4282 1100 4332 ut
1121 4283 1264 4353 apparet,
1283 4265 1461 4353 judicatum
1481 4281 1526 4331 est

365 4394 447 4461 hanc
460 4415 632 4482 personam
649 4393 787 4461 nimium
803 4391 913 4479 legum
927 4391 1130 4459 severitatem
1145 4389 1316 4456 reveritum
1332 4411 1412 4458 esse.

402 4707 424 4745 1.
445 4691 589 4754 Mlmoiras,
605 4702 624 4748 t.
641 4687 675 4754 II,
692 4706 718 4760 p.
736 4702 796 4757 254.

400 4806 424 4845 2.
445 4788 471 4843 11
483 4789 605 4844 cavalirrr
618 4805 630 4841 ι
645 4787 669 4840 la
684 4787 758 4840 dama
773 4802 789 4839 o
805 4785 821 4840 Ι
837 4784 944 4839 ririsbaa‘.
