3588 5680
351 637 400 708 80.
525 653 569 700 DE
593 651 775 700 Gotoottto
800 651 942 700 tractem
966 651 1085 702 SCAENAE
1109 652 1349 704 CORRECTORE.

352 792 470 882 quippe
483 791 539 881 qui
553 809 677 858 ceteros
691 788 864 857 utilitatem
879 812 970 856 suam
987 790 1147 878 negligere
1162 792 1314 880 suspicari
1327 815 1396 860 non
1412 793 1525 880 possit,

352 933 384 982 et
398 914 649 981 transactionem
667 911 759 994 facit,
781 935 843 1002 qua
861 929 985 1001 partem
1005 912 1109 1002 perdit
1130 913 1327 997 hereditatis,
1349 914 1409 1000 sibi
1428 934 1524 994 certe,

354 1053 390 1103 ut
404 1035 627 1119 arbitrabatur,
643 1034 865 1102 deventuram.

397 1159 516 1246 injuria
529 1177 639 1226 tamen
658 1157 698 1225 de
717 1156 886 1226 Goldonio
905 1177 1182 1249 conquererentur
1200 1157 1359 1234 forenses.
1384 1183 1524 1249 quorum

352 1301 455 1350 artem
474 1284 609 1350 summis
625 1282 771 1350 laudibus
790 1302 885 1372 poeta
900 1283 1014 1350 extulit
1034 1284 1067 1349 in
1087 1285 1198 1374 Veneto
1215 1285 1382 1366 causidico,
1403 1283 1444 1351 de
1459 1307 1524 1373 quo

352 1410 418 1497 jam
432 1407 557 1474 mentio
571 1406 653 1474 facta
667 1425 726 1475 est.
742 1405 863 1472 Causas
874 1407 962 1473 enirn
975 1407 1112 1494 scriptor
1122 1408 1201 1494 ipse,
1212 1408 1357 1475 Venetiis
1369 1409 1523 1495 primurn,

354 1549 466 1622 postea
489 1532 569 1597 Pisis
592 1530 714 1597 dixerat
737 1511 864 1618 forique
881 1529 1043 1598 callidiora
1067 1531 1200 1600 inventa
1222 1533 1350 1619 penitus
1376 1550 1523 1613 noverat,

355 1654 472 1745 quibus
486 1673 516 1721 et
534 1655 567 1720 in
585 1652 712 1734 fabulis,
735 1651 791 1720 ubi
811 1675 846 1720 ea
863 1676 931 1720 non
951 1655 1019 1720 sine
1035 1655 1208 1722 miratione
1223 1655 1383 1737 invenias,
1398 1655 1522 1723 alludit.

355 1779 403 1844 Ita
426 1778 460 1843 in
485 1776 641 1845 Prudente
664 1778 752 1844 υἰνοι
777 1777 889 1864 capitis
912 1776 950 1844 lis
975 1778 1159 1864 exponitur,
1188 1801 1259 1867 quae
1283 1777 1395 1846 eadem
1420 1797 1469 1846 est
1490 1801 1524 1845 ac

355 1924 449 1968 causa
472 1899 620 1990 quaedam
644 1899 849 1968 celeberrima
871 1923 889 1968 a
912 1900 1081 1982 Goldonio
1101 1901 1186 1990 apud
1209 1901 1339 1970 Tuscos
1364 1921 1523 1989 perorata,

354 2048 428 2091 curn
451 2023 600 2107 Pantal0‚
624 2046 721 2115 quem
742 2022 826 2091 filius
851 2023 1059 2113 ejusdemque
1083 2047 1222 2093 noverca
1243 2047 1371 2092 veneno
1398 2023 1525 2092 interfi-

353 2171 424 2214 cere
442 2167 661 2231 tentaverunt,
679 2169 752 2214 reos
771 2148 839 2237 ipse
857 2147 1028 2234 injudicio
1049 2145 1203 2228 defendit,
1227 2166 1264 2215 ut
1287 2146 1416 2214 familiae
1429 2147 1525 2215 decus

352 2290 507 2340 servetur.
526 2271 633 2337 Docte
651 2289 828 2359 arguteque
845 2270 1004 2360 loquitur,
1027 2270 1108 2338 dum
1133 2270 1238 2339 delicti
1260 2294 1378 2359 corpus
1399 2269 1523 2354 abesse,
1620 2363 1623 2372 .

285 2433 301 2450 κ
355 2394 464 2470 deesse
482 2412 686 2481 argumenta,
705 2392 863 2461 delatores
883 2395 1122 2462 accusationem
1145 2414 1330 2463 retractasse
1350 2393 1522 2462 ostendit².

354 2520 424 2586 Nec
438 2519 500 2585 boc
518 2540 585 2585 uno
603 2518 676 2586 loco
695 2519 894 2606 jurisperitus
908 2537 1019 2586 noster
1033 2538 1163 2607 apparet
1176 2532 1202 2603 ’ς
1221 2519 1368 2607 plurimis
1388 2519 1477 2584 enim
1490 2519 1535 2598 in

354 2640 467 2709 fabulis
488 2665 535 2708 res
560 2641 702 2709 forenses
729 2643 762 2708 in
786 2640 909 2730 pulpita
928 2643 1082 2730 protulit,
1105 2665 1138 2710 se
1160 2643 1271 2730 legum
1291 2643 1432 2710 scientiae
1456 2662 1523 2707 non

355 2766 462 2831 minus
475 2788 573 2855 quam
588 2787 699 2832 scaenae
715 2766 856 2854 peritum
872 2787 939 2831 esse
954 2763 1125 2832 ostendere
1139 2766 1284 2853 cupiens.

769 3090 786 3180 §
803 3111 832 3159 2.
848 3131 891 3141 —
906 3091 956 3157 De
972 3091 1108 3158 medicis.

400 3335 548 3402 Medicos
574 3337 671 3403 etiam
700 3355 905 3426 pernoverat,
938 3339 993 3427 qui
1021 3355 1053 3404 et
1081 3338 1147 3426 ipse
1169 3337 1286 3405 medici
1309 3337 1391 3404 filius
1416 3355 1521 3418 esset;

355 3461 410 3528 sed
426 3484 461 3527 ea
477 3459 560 3536 forte
575 3462 714 3542 ratione,
733 3461 862 3528 Molieri
877 3460 1060 3550 exemplum
1076 3484 1144 3528 non
1159 3481 1301 3546 secutus,
1318 3462 1451 3528 medicae
1466 3463 1525 3530 arti

355 3585 506 3672 pepercit.
529 3584 617 3651 Cum
635 3583 791 3651 Molierus
813 3585 900 3651 enim
920 3586 1028 3652 minus
1046 3584 1221 3652 commoda
1236 3584 1418 3653 valetudine
1434 3584 1525 3652 labo·

356 3727 450 3788 raret,
470 3730 598 3798 suaeque
622 3709 746 3775 aetatis⁴
768 3707 899 3776 medicis
919 3707 998 3776 vitio
1018 3728 1157 3776 verteret
1177 3707 1267 3798 quod
1288 3709 1395 3799 ipsum
1415 3732 1525 3776 sanare

355 3832 536 3920 nequirent,
558 3831 726 3899 Goldonio
747 3850 861 3899 contra
880 3831 1039 3899 medicina
1062 3831 1153 3901 valde
1175 3830 1340 3922 probanda
1360 3851 1439 3918 erat,
1462 3854 1524 3921 qua

394 4102 417 4142 1,
438 4086 541 4140 L'uomo
551 4085 683 4156 prudente.
700 4085 763 4143 Vid.
780 4085 926 4151 Mimoircs,
939 4097 959 4142 t.
976 4087 1011 4151 11,
1029 4103 1055 4158 p.
1072 4084 1098 4142 6.

392 4207 417 4248 2.
438 4193 499 4247 Act.
516 4193 564 4257 111,
580 4208 617 4246 sc.
637 4208 678 4263 19.

395 4315 418 4369 3,
438 4297 501 4355 Vid.
520 4303 548 4352 in
563 4298 660 4352 eadem
674 4296 764 4350 fabula
777 4297 851 4366 (Act.
868 4298 903 4364 11,
925 4315 962 4352 sc.
985 4299 1029 4364 14)
1042 4297 1106 4368 quid
1128 4298 1161 4351 de
1179 4295 1299 4350 filiorum
1322 4295 1438 4349 lamilias
1456 4293 1525 4349 obli-

355 4387 511 4457 gationibus
526 4385 647 4452 dicatur3
664 4385 692 4437 in
705 4386 914 4439 L'atrrenturiere
927 4393 1030 4439 onerato
1042 4386 1203 4456 praecipuam
1214 4401 1358 4455 personam
1375 4384 1466 4438 clienti
1481 4386 1524 4455 jus

356 4484 548 4544 promentem;
565 4474 593 4524 in
607 4473 624 4524 Ι
635 4471 684 4525 dur
695 4472 797 4543 gorreelli
810 4475 943 4543 ceneqiani
959 4472 991 4527 de
1005 4472 1077 4526 surto
1096 4473 1216 4544 quodam
1234 4473 1436 4544 inquisitionem
1450 4473 1525 4524 insti·

356 4572 441 4614 tutam
465 4577 496 4614 ac
519 4560 666 4631 praesertim
685 4560 724 4614 Lu
742 4559 825 4612 donna
844 4559 872 4612 di
889 4560 969 4630 garbo
987 4560 1062 4630 (Act.
1078 4559 1126 4625 111,
1142 4574 1179 4612 sc.
1198 4559 1236 4629 7),
1253 4560 1299 4613 ubi
1313 4575 1329 4612 a
1341 4560 1447 4630 virgine
1461 4574 1524 4630 qua·

357 4649 420 4703 darn
430 4666 508 4703 causa
522 4661 580 4702 tota
593 4660 740 4719 peroratur.

392 4771 417 4821 4,
439 4754 508 4809 Vide
522 4756 567 4809 Les
580 4754 701 4808 mddect'ns
714 4770 749 4808 au
763 4760 839 4826 temps
852 4755 881 4808 de
894 4755 1001 4809 Moliere
1014 4771 1029 4808 a
1043 4753 1183 4826 Raynaud.
1201 4755 1323 4820 Lutetiae,
1343 4753 1419 4810 1862.
