<?xml version="1.0" encoding="UTF-8"?>
<!DOCTYPE html PUBLIC "-//W3C//DTD XHTML 1.0 Transitional//EN"
    "http://www.w3.org/TR/xhtml1/DTD/xhtml1-transitional.dtd">
<html xmlns="http://www.w3.org/1999/xhtml" xml:lang="en" lang="en">
 <head>
  <title>
</title>
<meta http-equiv="Content-Type" content="text/html;charset=utf-8" />
  <meta name='ocr-system' content='tesseract 3.04.00' />
  <meta name='ocr-capabilities' content='ocr_page ocr_carea ocr_par ocr_line ocrx_word'/>
</head>
<body>
  <div class='ocr_page' id='page_1' title='image "./degoldonioitali00rabagoog_0134.png"; bbox 0 0 3588 5680; ppageno 0'>
   <div class='ocr_carea' id='block_1_1' title="bbox 460 651 1462 725">
    <p class='ocr_par' dir='ltr' id='par_1_1' title="bbox 460 651 1462 725">
     <span class='ocr_line' id='line_1_1' title="bbox 460 651 1462 725; baseline 0.01 -29"><span class='ocrx_word' id='word_1_1' title='bbox 460 662 476 704; x_wconf 56' lang='lat'>‚¹</span> <span class='ocrx_word' id='word_1_2' title='bbox 530 651 781 700; x_wconf 80' lang='lat' dir='ltr'>DE&#39;GOLDONIO</span> <span class='ocrx_word' id='word_1_3' title='bbox 807 652 993 712; x_wconf 71' lang='lat' dir='ltr'>cattorum</span> <span class='ocrx_word' id='word_1_4' title='bbox 1020 651 1221 700; x_wconf 77' lang='lat' dir='ltr'>IMITATORE.</span> <span class='ocrx_word' id='word_1_5' title='bbox 1404 658 1462 725; x_wconf 85' lang='lat'>119</span> 
     </span>
    </p>
   </div>
   <div class='ocr_carea' id='block_1_2' title="bbox 290 790 1464 1632">
    <p class='ocr_par' dir='ltr' id='par_1_2' title="bbox 290 790 1464 1632">
     <span class='ocr_line' id='line_1_2' title="bbox 290 790 1463 882; baseline 0.004 -24"><span class='ocrx_word' id='word_1_6' title='bbox 290 793 465 880; x_wconf 81' lang='lat' dir='ltr'>praecipuas</span> <span class='ocrx_word' id='word_1_7' title='bbox 481 791 610 860; x_wconf 89' lang='lat' dir='ltr'>M&#39;olieri</span> <span class='ocrx_word' id='word_1_8' title='bbox 624 803 775 882; x_wconf 82' lang='lat' dir='ltr'>personas</span> <span class='ocrx_word' id='word_1_9' title='bbox 791 791 971 858; x_wconf 89' lang='lat' dir='ltr'>imitantur.</span> <span class='ocrx_word' id='word_1_10' title='bbox 985 790 1038 859; x_wconf 90' lang='lat' dir='ltr'>Sic</span> <span class='ocrx_word' id='word_1_11' title='bbox 1051 790 1178 858; x_wconf 87' lang='lat' dir='ltr'>Beatrix</span> <span class='ocrx_word' id='word_1_12' title='bbox 1192 793 1226 858; x_wconf 95' lang='lat' dir='ltr'>in</span> <span class='ocrx_word' id='word_1_13' title='bbox 1243 793 1320 860; x_wconf 81' lang='lat' dir='ltr'>Vero</span> <span class='ocrx_word' id='word_1_14' title='bbox 1332 797 1463 880; x_wconf 61' lang='lat' dir='ltr'>amiam,</span> 
     </span>
     <span class='ocr_line' id='line_1_3' title="bbox 293 915 1464 1005; baseline 0.003 -21"><span class='ocrx_word' id='word_1_15' title='bbox 293 915 366 992; x_wconf 88' lang='lat' dir='ltr'>licet</span> <span class='ocrx_word' id='word_1_16' title='bbox 379 919 444 1005; x_wconf 87' lang='lat' dir='ltr'>jam</span> <span class='ocrx_word' id='word_1_17' title='bbox 459 936 553 986; x_wconf 89' lang='lat' dir='ltr'>aetate</span> <span class='ocrx_word' id='word_1_18' title='bbox 568 917 725 985; x_wconf 85' lang='lat' dir='ltr'>maturior</span> <span class='ocrx_word' id='word_1_19' title='bbox 746 917 800 997; x_wconf 92' lang='lat' dir='ltr'>sit,</span> <span class='ocrx_word' id='word_1_20' title='bbox 817 939 850 984; x_wconf 93' lang='lat' dir='ltr'>se</span> <span class='ocrx_word' id='word_1_21' title='bbox 865 918 932 1005; x_wconf 89' lang='lat' dir='ltr'>ejus</span> <span class='ocrx_word' id='word_1_22' title='bbox 954 916 1051 984; x_wconf 88' lang='lat' dir='ltr'>etiam</span> <span class='ocrx_word' id='word_1_23' title='bbox 1070 939 1138 984; x_wconf 91' lang='lat' dir='ltr'>esse</span> <span class='ocrx_word' id='word_1_24' title='bbox 1156 915 1284 1002; x_wconf 88' lang='lat' dir='ltr'>formae,</span> <span class='ocrx_word' id='word_1_25' title='bbox 1305 937 1342 986; x_wconf 90' lang='lat' dir='ltr'>ut</span> <span class='ocrx_word' id='word_1_26' title='bbox 1361 918 1464 988; x_wconf 87' lang='lat' dir='ltr'>Belisa</span> 
     </span>
     <span class='ocr_line' id='line_1_4' title="bbox 292 1039 1462 1130; baseline 0 -18"><span class='ocrx_word' id='word_1_27' title='bbox 292 1041 326 1112; x_wconf 88' lang='lat' dir='ltr'>in</span> <span class='ocrx_word' id='word_1_28' title='bbox 344 1041 531 1110; x_wconf 85' lang='lat' dir='ltr'>Doctrinam</span> <span class='ocrx_word' id='word_1_29' title='bbox 550 1039 767 1130; x_wconf 78' lang='lat' dir='ltr'>affectantibus</span> <span class='ocrx_word' id='word_1_30' title='bbox 790 1040 972 1120; x_wconf 81' lang='lat' dir='ltr'>mtrlieribus</span> <span class='ocrx_word' id='word_1_31' title='bbox 980 1053 1004 1123; x_wconf 90' lang='lat'>²,</span> <span class='ocrx_word' id='word_1_32' title='bbox 1020 1042 1054 1108; x_wconf 92' lang='lat' dir='ltr'>in</span> <span class='ocrx_word' id='word_1_33' title='bbox 1077 1043 1223 1109; x_wconf 90' lang='lat' dir='ltr'>animum</span> <span class='ocrx_word' id='word_1_34' title='bbox 1243 1039 1303 1111; x_wconf 88' lang='lat' dir='ltr'>sibi</span> <span class='ocrx_word' id='word_1_35' title='bbox 1324 1041 1462 1126; x_wconf 89' lang='lat' dir='ltr'>inducit,</span> 
     </span>
     <span class='ocr_line' id='line_1_5' title="bbox 294 1164 1462 1258; baseline 0.004 -26"><span class='ocrx_word' id='word_1_36' title='bbox 294 1187 364 1256; x_wconf 88' lang='lat' dir='ltr'>quae</span> <span class='ocrx_word' id='word_1_37' title='bbox 385 1165 555 1253; x_wconf 88' lang='lat' dir='ltr'>juvenibus</span> <span class='ocrx_word' id='word_1_38' title='bbox 576 1188 722 1234; x_wconf 88' lang='lat' dir='ltr'>amorem</span> <span class='ocrx_word' id='word_1_39' title='bbox 746 1167 889 1255; x_wconf 91' lang='lat' dir='ltr'>inspiret.</span> <span class='ocrx_word' id='word_1_40' title='bbox 916 1164 1034 1233; x_wconf 85' lang='lat' dir='ltr'>Silvius</span> <span class='ocrx_word' id='word_1_41' title='bbox 1057 1167 1090 1233; x_wconf 92' lang='lat' dir='ltr'>in</span> <span class='ocrx_word' id='word_1_42' title='bbox 1113 1169 1231 1236; x_wconf 84' lang='lat' dir='ltr'>Amore</span> <span class='ocrx_word' id='word_1_43' title='bbox 1248 1180 1400 1258; x_wconf 83' lang='lat' dir='ltr'>paterno³</span> <span class='ocrx_word' id='word_1_44' title='bbox 1423 1169 1462 1237; x_wconf 87' lang='lat' dir='ltr'>ad</span> 
     </span>
     <span class='ocr_line' id='line_1_6' title="bbox 293 1289 1460 1382; baseline 0.004 -27"><span class='ocrx_word' id='word_1_45' title='bbox 293 1289 432 1378; x_wconf 88' lang='lat' dir='ltr'>effigiem</span> <span class='ocrx_word' id='word_1_46' title='bbox 452 1300 506 1362; x_wconf 81' lang='grc' dir='ltr'>τοῦ</span> <span class='ocrx_word' id='word_1_47' title='bbox 528 1294 875 1382; x_wconf 76' lang='lat' dir='ltr'>Macouepduouaperte</span> <span class='ocrx_word' id='word_1_48' title='bbox 894 1290 987 1358; x_wconf 90' lang='lat' dir='ltr'>fictus</span> <span class='ocrx_word' id='word_1_49' title='bbox 1007 1310 1066 1373; x_wconf 90' lang='lat' dir='ltr'>est,</span> <span class='ocrx_word' id='word_1_50' title='bbox 1091 1290 1181 1380; x_wconf 89' lang='lat' dir='ltr'>cujus</span> <span class='ocrx_word' id='word_1_51' title='bbox 1196 1291 1346 1382; x_wconf 88' lang='lat' dir='ltr'>exemplo</span> <span class='ocrx_word' id='word_1_52' title='bbox 1361 1293 1460 1360; x_wconf 87' lang='lat' dir='ltr'>urba-</span> 
     </span>
     <span class='ocr_line' id='line_1_7' title="bbox 293 1415 1460 1506; baseline 0.003 -24"><span class='ocrx_word' id='word_1_53' title='bbox 293 1417 417 1483; x_wconf 90' lang='lat' dir='ltr'>niorem</span> <span class='ocrx_word' id='word_1_54' title='bbox 439 1417 600 1505; x_wconf 87' lang='lat' dir='ltr'>vituperat</span> <span class='ocrx_word' id='word_1_55' title='bbox 622 1415 925 1498; x_wconf 81' lang='lat' dir='ltr'>dissimulationem,</span> <span class='ocrx_word' id='word_1_56' title='bbox 951 1439 1012 1506; x_wconf 90' lang='lat' dir='ltr'>qua</span> <span class='ocrx_word' id='word_1_57' title='bbox 1035 1439 1109 1506; x_wconf 88' lang='lat' dir='ltr'>erga</span> <span class='ocrx_word' id='word_1_58' title='bbox 1134 1433 1256 1485; x_wconf 88' lang='lat' dir='ltr'>ceteros</span> <span class='ocrx_word' id='word_1_59' title='bbox 1275 1415 1460 1485; x_wconf 86' lang='lat' dir='ltr'>affectatum</span> 
     </span>
     <span class='ocr_line' id='line_1_8' title="bbox 291 1540 825 1632; baseline 0.004 -25"><span class='ocrx_word' id='word_1_60' title='bbox 291 1540 435 1608; x_wconf 90' lang='lat' dir='ltr'>studium</span> <span class='ocrx_word' id='word_1_61' title='bbox 451 1541 594 1632; x_wconf 83' lang='lat' dir='ltr'>plerique</span> <span class='ocrx_word' id='word_1_62' title='bbox 609 1542 825 1609; x_wconf 89' lang='lat' dir='ltr'>mentiuntur.</span> 
     </span>
    </p>
   </div>
   <div class='ocr_carea' id='block_1_3' title="bbox 287 1762 1460 2728">
    <p class='ocr_par' dir='ltr' id='par_1_3' title="bbox 287 1762 1460 2728">
     <span class='ocr_line' id='line_1_9' title="bbox 291 1762 1460 1852; baseline -0.001 -22"><span class='ocrx_word' id='word_1_63' title='bbox 291 1835 295 1840; x_wconf 66' lang='grc'><em>,</em></span> <span class='ocrx_word' id='word_1_64' title='bbox 336 1763 423 1830; x_wconf 90' lang='lat' dir='ltr'>Cum</span> <span class='ocrx_word' id='word_1_65' title='bbox 448 1766 616 1832; x_wconf 81' lang='lat' dir='ltr'>materiam</span> <span class='ocrx_word' id='word_1_66' title='bbox 639 1765 741 1851; x_wconf 89' lang='lat' dir='ltr'>ipsam</span> <span class='ocrx_word' id='word_1_67' title='bbox 761 1787 778 1831; x_wconf 88' lang='lat' dir='ltr'>a</span> <span class='ocrx_word' id='word_1_68' title='bbox 795 1762 934 1832; x_wconf 88' lang='lat' dir='ltr'>Moliero</span> <span class='ocrx_word' id='word_1_69' title='bbox 954 1767 1019 1852; x_wconf 88' lang='lat' dir='ltr'>jam</span> <span class='ocrx_word' id='word_1_70' title='bbox 1035 1782 1204 1832; x_wconf 86' lang='lat' dir='ltr'>tractatam</span> <span class='ocrx_word' id='word_1_71' title='bbox 1222 1765 1357 1833; x_wconf 91' lang='lat' dir='ltr'>resumit</span> <span class='ocrx_word' id='word_1_72' title='bbox 1380 1763 1460 1842; x_wconf 86' lang='lat' dir='ltr'>Gol-</span> 
     </span>
     <span class='ocr_line' id='line_1_10' title="bbox 291 1863 1458 1978; baseline 0.002 -25"><span class='ocrx_word' id='word_1_73' title='bbox 291 1885 420 1972; x_wconf 78' lang='lat' dir='ltr'>domus,</span> <span class='ocrx_word' id='word_1_74' title='bbox 434 1911 622 1977; x_wconf 90' lang='lat' dir='ltr'>processum</span> <span class='ocrx_word' id='word_1_75' title='bbox 635 1911 670 1956; x_wconf 88' lang='lat' dir='ltr'>ac</span> <span class='ocrx_word' id='word_1_76' title='bbox 685 1863 843 1956; x_wconf 81' lang='lat' dir='ltr'>sermonis</span> <span class='ocrx_word' id='word_1_77' title='bbox 860 1907 1009 1957; x_wconf 91' lang='lat' dir='ltr'>tenorem</span> <span class='ocrx_word' id='word_1_78' title='bbox 1025 1909 1151 1957; x_wconf 91' lang='lat' dir='ltr'>mutare</span> <span class='ocrx_word' id='word_1_79' title='bbox 1170 1907 1267 1978; x_wconf 90' lang='lat' dir='ltr'>atque</span> <span class='ocrx_word' id='word_1_80' title='bbox 1280 1910 1458 1976; x_wconf 89' lang='lat' dir='ltr'>argumen-</span> 
     </span>
     <span class='ocr_line' id='line_1_11' title="bbox 289 2013 1458 2108; baseline -0.002 -29"><span class='ocrx_word' id='word_1_81' title='bbox 289 2031 360 2108; x_wconf 86' lang='lat' dir='ltr'>tum</span> <span class='ocrx_word' id='word_1_82' title='bbox 375 2037 462 2081; x_wconf 91' lang='lat' dir='ltr'>nova</span> <span class='ocrx_word' id='word_1_83' title='bbox 477 2033 554 2082; x_wconf 86' lang='lat' dir='ltr'>nota</span> <span class='ocrx_word' id='word_1_84' title='bbox 569 2015 695 2103; x_wconf 88' lang='lat' dir='ltr'>signare</span> <span class='ocrx_word' id='word_1_85' title='bbox 709 2035 855 2083; x_wconf 86' lang='lat' dir='ltr'>conatur.</span> <span class='ocrx_word' id='word_1_86' title='bbox 869 2015 942 2100; x_wconf 87' lang='lat' dir='ltr'>Jam</span> <span class='ocrx_word' id='word_1_87' title='bbox 956 2016 990 2081; x_wconf 93' lang='lat' dir='ltr'>in</span> <span class='ocrx_word' id='word_1_88' title='bbox 1006 2013 1181 2094; x_wconf 87' lang='lat' dir='ltr'>comoedia,</span> <span class='ocrx_word' id='word_1_89' title='bbox 1193 2015 1266 2080; x_wconf 90' lang='lat' dir='ltr'>cui:</span> <span class='ocrx_word' id='word_1_90' title='bbox 1283 2013 1379 2101; x_wconf 79' lang='lat' dir='ltr'>Virgo</span> <span class='ocrx_word' id='word_1_91' title='bbox 1390 2035 1458 2100; x_wconf 84' lang='lat' dir='ltr'>quae</span> 
     </span>
     <span class='ocr_line' id='line_1_12' title="bbox 287 2113 1456 2228; baseline -0.003 -23"><span class='ocrx_word' id='word_1_92' title='bbox 287 2161 317 2205; x_wconf 84' lang='lat' dir='ltr'>se</span> <span class='ocrx_word' id='word_1_93' title='bbox 331 2151 479 2226; x_wconf 79' lang='lat' dir='ltr'>aegrotam</span> <span class='ocrx_word' id='word_1_94' title='bbox 501 2113 629 2208; x_wconf 77' lang='lat' dir='ltr'>simulat</span> <span class='ocrx_word' id='word_1_95' title='bbox 649 2138 792 2222; x_wconf 77' lang='lat' dir='ltr'>titulus4,</span> <span class='ocrx_word' id='word_1_96' title='bbox 814 2137 943 2207; x_wconf 89' lang='lat' dir='ltr'>Molieri</span> <span class='ocrx_word' id='word_1_97' title='bbox 963 2161 1045 2228; x_wconf 90' lang='lat' dir='ltr'>opus</span> <span class='ocrx_word' id='word_1_98' title='bbox 1065 2138 1225 2226; x_wconf 85' lang='lat' dir='ltr'>corrigere</span> <span class='ocrx_word' id='word_1_99' title='bbox 1250 2133 1456 2204; x_wconf 90' lang='lat' dir='ltr'>Goldonium</span> 
     </span>
     <span class='ocr_line' id='line_1_13' title="bbox 289 2245 1457 2353; baseline -0.004 -24"><span class='ocrx_word' id='word_1_100' title='bbox 289 2280 469 2332; x_wconf 87' lang='lat' dir='ltr'>tentantem</span> <span class='ocrx_word' id='word_1_101' title='bbox 483 2261 782 2348; x_wconf 86' lang='lat' dir='ltr'>animadvertimus,</span> <span class='ocrx_word' id='word_1_102' title='bbox 794 2287 868 2332; x_wconf 87' lang='lat' dir='ltr'>cum</span> <span class='ocrx_word' id='word_1_103' title='bbox 883 2262 990 2332; x_wconf 88' lang='lat' dir='ltr'>italico</span> <span class='ocrx_word' id='word_1_104' title='bbox 1006 2280 1111 2353; x_wconf 88' lang='lat' dir='ltr'>poetae</span> <span class='ocrx_word' id='word_1_105' title='bbox 1124 2260 1255 2350; x_wconf 87' lang='lat' dir='ltr'>gallicus</span> <span class='ocrx_word' id='word_1_106' title='bbox 1270 2261 1304 2328; x_wconf 95' lang='lat' dir='ltr'>in</span> <span class='ocrx_word' id='word_1_107' title='bbox 1315 2245 1457 2327; x_wconf 87' lang='lat' dir='ltr'>medicos</span> 
     </span>
     <span class='ocr_line' id='line_1_14' title="bbox 288 2383 1456 2477; baseline -0.003 -23"><span class='ocrx_word' id='word_1_108' title='bbox 288 2388 427 2456; x_wconf 90' lang='lat' dir='ltr'>severior</span> <span class='ocrx_word' id='word_1_109' title='bbox 441 2389 527 2456; x_wconf 91' lang='lat' dir='ltr'>visus</span> <span class='ocrx_word' id='word_1_110' title='bbox 543 2407 636 2458; x_wconf 90' lang='lat' dir='ltr'>esset.</span> <span class='ocrx_word' id='word_1_111' title='bbox 654 2389 693 2457; x_wconf 92' lang='lat' dir='ltr'>ln</span> <span class='ocrx_word' id='word_1_112' title='bbox 704 2391 860 2477; x_wconf 78' lang='lat' dir='ltr'>Jurgiosis</span> <span class='ocrx_word' id='word_1_113' title='bbox 875 2390 1072 2458; x_wconf 69' lang='lat' dir='ltr'>mulieribusr</span> <span class='ocrx_word' id='word_1_114' title='bbox 1084 2387 1195 2457; x_wconf 92' lang='lat' dir='ltr'>eadem</span> <span class='ocrx_word' id='word_1_115' title='bbox 1209 2385 1275 2454; x_wconf 85' lang='lat' dir='ltr'>lere</span> <span class='ocrx_word' id='word_1_116' title='bbox 1289 2383 1393 2453; x_wconf 89' lang='lat' dir='ltr'>fabula</span> <span class='ocrx_word' id='word_1_117' title='bbox 1408 2400 1456 2450; x_wconf 89' lang='lat' dir='ltr'>est</span> 
     </span>
     <span class='ocr_line' id='line_1_15' title="bbox 288 2493 1456 2601; baseline -0.005 -21"><span class='ocrx_word' id='word_1_118' title='bbox 288 2535 323 2580; x_wconf 89' lang='lat' dir='ltr'>ac</span> <span class='ocrx_word' id='word_1_119' title='bbox 346 2513 465 2585; x_wconf 80' lang='lat' dir='ltr'>Plebeii</span> <span class='ocrx_word' id='word_1_120' title='bbox 490 2515 554 2581; x_wconf 84' lang='lat' dir='ltr'>viri</span> <span class='ocrx_word' id='word_1_121' title='bbox 579 2512 770 2582; x_wconf 79' lang='lat' dir='ltr'>nobilitatem</span> <span class='ocrx_word' id='word_1_122' title='bbox 798 2513 1010 2601; x_wconf 79' lang='lat' dir='ltr'>affectantis⁶3</span> <span class='ocrx_word' id='word_1_123' title='bbox 1042 2515 1075 2580; x_wconf 93' lang='lat' dir='ltr'>in</span> <span class='ocrx_word' id='word_1_124' title='bbox 1107 2513 1226 2580; x_wconf 92' lang='lat' dir='ltr'>serium</span> <span class='ocrx_word' id='word_1_125' title='bbox 1247 2528 1356 2578; x_wconf 90' lang='lat' dir='ltr'>autem</span> <span class='ocrx_word' id='word_1_126' title='bbox 1382 2493 1456 2574; x_wconf 52' lang='lat' dir='ltr'>rnna¹</span> 
     </span>
     <span class='ocr_line' id='line_1_16' title="bbox 287 2635 1455 2728; baseline -0.006 -22"><span class='ocrx_word' id='word_1_127' title='bbox 287 2657 351 2707; x_wconf 88' lang='lat' dir='ltr'>tata</span> <span class='ocrx_word' id='word_1_128' title='bbox 365 2657 412 2707; x_wconf 91' lang='lat' dir='ltr'>est</span> <span class='ocrx_word' id='word_1_129' title='bbox 427 2638 589 2707; x_wconf 84' lang='lat' dir='ltr'>comoedia</span> <span class='ocrx_word' id='word_1_130' title='bbox 602 2638 807 2728; x_wconf 87' lang='lat' dir='ltr'>lepidissima.</span> <span class='ocrx_word' id='word_1_131' title='bbox 824 2638 953 2710; x_wconf 89' lang='lat' dir='ltr'>Molieri</span> <span class='ocrx_word' id='word_1_132' title='bbox 967 2641 1070 2706; x_wconf 93' lang='lat' dir='ltr'>immo</span> <span class='ocrx_word' id='word_1_133' title='bbox 1087 2636 1213 2718; x_wconf 84' lang='lat' dir='ltr'>fabulae,</span> <span class='ocrx_word' id='word_1_134' title='bbox 1234 2637 1285 2703; x_wconf 92' lang='lat' dir='ltr'>cui</span> <span class='ocrx_word' id='word_1_135' title='bbox 1300 2635 1455 2702; x_wconf 87' lang='lat' dir='ltr'>Dominus</span> 
     </span>
    </p>
   </div>
   <div class='ocr_carea' id='block_1_4' title="bbox 187 2759 1453 2848">
    <p class='ocr_par' dir='ltr' id='par_1_4' title="bbox 187 2759 1453 2848">
     <span class='ocr_line' id='line_1_17' title="bbox 187 2759 1453 2848; baseline -0.008 -16"><span class='ocrx_word' id='word_1_136' title='bbox 187 2766 191 2773; x_wconf 83' lang='lat'>&#39;</span> <span class='ocrx_word' id='word_1_137' title='bbox 283 2763 416 2846; x_wconf 78' lang='lat' dir='ltr'>loannes</span> <span class='ocrx_word' id='word_1_138' title='bbox 436 2762 579 2846; x_wconf 90' lang='lat' dir='ltr'>titulus⁷‚</span> <span class='ocrx_word' id='word_1_139' title='bbox 604 2767 796 2834; x_wconf 89' lang='lat' dir='ltr'>memoriam</span> <span class='ocrx_word' id='word_1_140' title='bbox 820 2764 948 2832; x_wconf 90' lang='lat' dir='ltr'>abolere</span> <span class='ocrx_word' id='word_1_141' title='bbox 973 2762 1157 2832; x_wconf 90' lang='lat' dir='ltr'>Goldonius</span> <span class='ocrx_word' id='word_1_142' title='bbox 1181 2759 1331 2838; x_wconf 85' lang='lat' dir='ltr'>tentavit,</span> <span class='ocrx_word' id='word_1_143' title='bbox 1357 2779 1453 2848; x_wconf 90' lang='lat' dir='ltr'>quam</span> 
     </span>
    </p>
   </div>
   <div class='ocr_carea' id='block_1_5' title="bbox 286 2879 1454 2980">
    <p class='ocr_par' dir='ltr' id='par_1_5' title="bbox 286 2879 1454 2980">
     <span class='ocr_line' id='line_1_18' title="bbox 286 2879 1454 2980; baseline -0.007 -24"><span class='ocrx_word' id='word_1_144' title='bbox 286 2889 499 2956; x_wconf 90' lang='lat' dir='ltr'>miserrimam</span> <span class='ocrx_word' id='word_1_145' title='bbox 512 2887 682 2977; x_wconf 89' lang='lat' dir='ltr'>judicabat,</span> <span class='ocrx_word' id='word_1_146' title='bbox 701 2890 819 2980; x_wconf 92' lang='lat' dir='ltr'>quippe</span> <span class='ocrx_word' id='word_1_147' title='bbox 833 2891 887 2980; x_wconf 92' lang='lat' dir='ltr'>qui</span> <span class='ocrx_word' id='word_1_148' title='bbox 901 2887 1092 2958; x_wconf 81' lang='lat' dir='ltr'>declararet8</span> <span class='ocrx_word' id='word_1_149' title='bbox 1103 2909 1137 2954; x_wconf 91' lang='lat' dir='ltr'>se</span> <span class='ocrx_word' id='word_1_150' title='bbox 1152 2906 1321 2976; x_wconf 90' lang='lat' dir='ltr'>nunquam</span> <span class='ocrx_word' id='word_1_151' title='bbox 1336 2879 1454 2950; x_wconf 91' lang='lat' dir='ltr'>intelli·</span> 
     </span>
    </p>
   </div>
   <div class='ocr_carea' id='block_1_6' title="bbox 284 3008 1453 3603">
    <p class='ocr_par' dir='ltr' id='par_1_6' title="bbox 285 3008 1453 3227">
     <span class='ocr_line' id='line_1_19' title="bbox 285 3008 1453 3102; baseline -0.007 -22"><span class='ocrx_word' id='word_1_152' title='bbox 285 3035 360 3102; x_wconf 87' lang='lat' dir='ltr'>gere</span> <span class='ocrx_word' id='word_1_153' title='bbox 382 3014 525 3102; x_wconf 91' lang='lat' dir='ltr'>potuisse</span> <span class='ocrx_word' id='word_1_154' title='bbox 546 3012 675 3082; x_wconf 88' lang='lat' dir='ltr'>urbanae</span> <span class='ocrx_word' id='word_1_155' title='bbox 698 3016 787 3102; x_wconf 90' lang='lat' dir='ltr'>genti</span> <span class='ocrx_word' id='word_1_156' title='bbox 811 3032 877 3081; x_wconf 89' lang='lat' dir='ltr'>tam</span> <span class='ocrx_word' id='word_1_157' title='bbox 892 3015 1039 3102; x_wconf 91' lang='lat' dir='ltr'>ineptum</span> <span class='ocrx_word' id='word_1_158' title='bbox 1060 3013 1171 3100; x_wconf 92' lang='lat' dir='ltr'>jocum</span> <span class='ocrx_word' id='word_1_159' title='bbox 1191 3008 1453 3099; x_wconf 87' lang='lat' dir='ltr'>frequentissimo</span> 
     </span>
     <span class='ocr_line' id='line_1_20' title="bbox 285 3135 676 3227; baseline 0.015 -24"><span class='ocrx_word' id='word_1_160' title='bbox 285 3135 411 3204; x_wconf 87' lang='lat' dir='ltr'>theatro</span> <span class='ocrx_word' id='word_1_161' title='bbox 424 3137 478 3205; x_wconf 93' lang='lat' dir='ltr'>diu</span> <span class='ocrx_word' id='word_1_162' title='bbox 493 3137 676 3227; x_wconf 87' lang='lat' dir='ltr'>placuisse⁹.</span> 
     </span>
    </p>

    <p class='ocr_par' dir='ltr' id='par_1_7' title="bbox 284 3257 1453 3603">
     <span class='ocr_line' id='line_1_21' title="bbox 329 3257 1453 3354; baseline -0.003 -27"><span class='ocrx_word' id='word_1_163' title='bbox 329 3260 496 3354; x_wconf 84' lang='lat' dir='ltr'>Molierus,</span> <span class='ocrx_word' id='word_1_164' title='bbox 514 3285 612 3352; x_wconf 91' lang='lat' dir='ltr'>quem</span> <span class='ocrx_word' id='word_1_165' title='bbox 628 3282 756 3353; x_wconf 92' lang='lat' dir='ltr'>tempus</span> <span class='ocrx_word' id='word_1_166' title='bbox 771 3262 904 3354; x_wconf 90' lang='lat' dir='ltr'>urgebat</span> <span class='ocrx_word' id='word_1_167' title='bbox 924 3281 1020 3353; x_wconf 88' lang='lat' dir='ltr'>atque</span> <span class='ocrx_word' id='word_1_168' title='bbox 1040 3263 1068 3329; x_wconf 90' lang='lat' dir='ltr'>ei</span> <span class='ocrx_word' id='word_1_169' title='bbox 1090 3283 1185 3329; x_wconf 90' lang='lat' dir='ltr'>novae</span> <span class='ocrx_word' id='word_1_170' title='bbox 1198 3257 1312 3327; x_wconf 87' lang='lat' dir='ltr'>fabulae</span> <span class='ocrx_word' id='word_1_171' title='bbox 1327 3280 1453 3346; x_wconf 88' lang='lat' dir='ltr'>semper</span> 
     </span>
     <span class='ocr_line' id='line_1_22' title="bbox 284 3359 1452 3471; baseline -0.004 -19"><span class='ocrx_word' id='word_1_172' title='bbox 284 3385 458 3455; x_wconf 90' lang='lat' dir='ltr'>scribendae</span> <span class='ocrx_word' id='word_1_173' title='bbox 471 3406 574 3470; x_wconf 90' lang='lat' dir='ltr'>erant,</span> <span class='ocrx_word' id='word_1_174' title='bbox 586 3412 652 3455; x_wconf 90' lang='lat' dir='ltr'>suae</span> <span class='ocrx_word' id='word_1_175' title='bbox 666 3359 836 3456; x_wconf 87' lang='lat' dir='ltr'>comoediae</span> <span class='ocrx_word' id='word_1_176' title='bbox 850 3387 1017 3454; x_wconf 90' lang='lat' dir='ltr'>materiam</span> <span class='ocrx_word' id='word_1_177' title='bbox 1034 3408 1072 3453; x_wconf 86' lang='lat' dir='ltr'>ex</span> <span class='ocrx_word' id='word_1_178' title='bbox 1086 3385 1199 3453; x_wconf 88' lang='lat' dir='ltr'>italicis</span> <span class='ocrx_word' id='word_1_179' title='bbox 1209 3382 1383 3465; x_wconf 88' lang='lat' dir='ltr'>actoribus,</span> <span class='ocrx_word' id='word_1_180' title='bbox 1397 3383 1452 3471; x_wconf 92' lang='lat' dir='ltr'>qui</span> 
     </span>
     <span class='ocr_line' id='line_1_23' title="bbox 284 3493 1451 3603; baseline -0.006 -26"><span class='ocrx_word' id='word_1_181' title='bbox 284 3529 355 3578; x_wconf 91' lang='lat' dir='ltr'>tum</span> <span class='ocrx_word' id='word_1_182' title='bbox 371 3514 507 3582; x_wconf 88' lang='lat' dir='ltr'>Lutetiae</span> <span class='ocrx_word' id='word_1_183' title='bbox 521 3512 671 3601; x_wconf 88' lang='lat' dir='ltr'>agebant,</span> <span class='ocrx_word' id='word_1_184' title='bbox 686 3531 879 3603; x_wconf 88' lang='lat' dir='ltr'>sumpserat,</span> <span class='ocrx_word' id='word_1_185' title='bbox 896 3511 1016 3580; x_wconf 92' lang='lat' dir='ltr'>nullius</span> <span class='ocrx_word' id='word_1_186' title='bbox 1030 3530 1137 3579; x_wconf 86' lang='lat' dir='ltr'>autem</span> <span class='ocrx_word' id='word_1_187' title='bbox 1155 3508 1306 3598; x_wconf 91' lang='lat' dir='ltr'>ponderis</span> <span class='ocrx_word' id='word_1_188' title='bbox 1325 3525 1356 3574; x_wconf 93' lang='lat' dir='ltr'>et</span> <span class='ocrx_word' id='word_1_189' title='bbox 1375 3493 1451 3573; x_wconf 87' lang='lat' dir='ltr'>artis</span> 
     </span>
    </p>
   </div>
   <div class='ocr_carea' id='block_1_7' title="bbox 285 3664 495 3680">
    <p class='ocr_par' dir='ltr' id='par_1_8' title="bbox 285 3664 495 3680">
     <span class='ocr_line' id='line_1_24' title="bbox 285 3664 495 3680; baseline -0.014 1"><span class='ocrx_word' id='word_1_190' title='bbox 285 3664 495 3680; x_wconf 44' lang='lat' dir='ltr'>‘&#39;q—-n</span> 
     </span>
    </p>
   </div>
   <div class='ocr_carea' id='block_1_8' title="bbox 279 3745 1450 4700">
    <p class='ocr_par' dir='ltr' id='par_1_9' title="bbox 321 3745 567 3802">
     <span class='ocr_line' id='line_1_25' title="bbox 321 3745 567 3802; baseline 0.016 -5"><span class='ocrx_word' id='word_1_191' title='bbox 321 3762 344 3799; x_wconf 92' lang='lat'>1.</span> <span class='ocrx_word' id='word_1_192' title='bbox 365 3745 390 3798; x_wconf 87' lang='lat' dir='ltr'>ll</span> <span class='ocrx_word' id='word_1_193' title='bbox 402 3763 460 3799; x_wconf 81' lang='lat' dir='ltr'>varo</span> <span class='ocrx_word' id='word_1_194' title='bbox 476 3749 567 3802; x_wconf 82' lang='lat' dir='ltr'>antico.</span> 
     </span>
    </p>

    <p class='ocr_par' dir='ltr' id='par_1_10' title="bbox 319 3845 659 3916">
     <span class='ocr_line' id='line_1_26' title="bbox 319 3845 659 3916; baseline 0.009 -18"><span class='ocrx_word' id='word_1_195' title='bbox 319 3859 343 3900; x_wconf 89' lang='lat'>2.</span> <span class='ocrx_word' id='word_1_196' title='bbox 365 3845 409 3900; x_wconf 81' lang='lat' dir='ltr'>Les</span> <span class='ocrx_word' id='word_1_197' title='bbox 418 3845 524 3916; x_wconf 74' lang='lat' dir='ltr'>saumas</span> <span class='ocrx_word' id='word_1_198' title='bbox 537 3853 659 3901; x_wconf 74' lang='lat' dir='ltr'>iuvantes.</span> 
     </span>
    </p>

    <p class='ocr_par' dir='ltr' id='par_1_11' title="bbox 320 3942 592 4014">
     <span class='ocr_line' id='line_1_27' title="bbox 320 3942 592 4014; baseline 0.007 -18"><span class='ocrx_word' id='word_1_199' title='bbox 320 3957 342 4010; x_wconf 85' lang='lat'>3.</span> <span class='ocrx_word' id='word_1_200' title='bbox 364 3942 466 3996; x_wconf 83' lang='lat' dir='ltr'>L&#39;amor</span> <span class='ocrx_word' id='word_1_201' title='bbox 476 3950 592 4014; x_wconf 83' lang='lat' dir='ltr'>paterno.</span> 
     </span>
    </p>

    <p class='ocr_par' dir='ltr' id='par_1_12' title="bbox 316 4039 640 4110">
     <span class='ocr_line' id='line_1_28' title="bbox 316 4039 640 4110; baseline 0.012 -18"><span class='ocrx_word' id='word_1_202' title='bbox 316 4055 342 4106; x_wconf 88' lang='lat'>4.</span> <span class='ocrx_word' id='word_1_203' title='bbox 364 4040 402 4093; x_wconf 86' lang='lat' dir='ltr'>Lu</span> <span class='ocrx_word' id='word_1_204' title='bbox 411 4039 480 4110; x_wconf 71' lang='lat' dir='ltr'>finio</span> <span class='ocrx_word' id='word_1_205' title='bbox 493 4041 640 4096; x_wconf 77' lang='lat' dir='ltr'>anamulata.</span> 
     </span>
    </p>

    <p class='ocr_par' dir='ltr' id='par_1_13' title="bbox 319 4139 667 4212">
     <span class='ocr_line' id='line_1_29' title="bbox 319 4139 667 4212; baseline 0.009 -21"><span class='ocrx_word' id='word_1_206' title='bbox 319 4152 341 4206; x_wconf 85' lang='lat'>5.</span> <span class='ocrx_word' id='word_1_207' title='bbox 364 4139 399 4192; x_wconf 86' lang='lat' dir='ltr'>Le</span> <span class='ocrx_word' id='word_1_208' title='bbox 411 4139 491 4193; x_wconf 81' lang='lat' dir='ltr'>donne</span> <span class='ocrx_word' id='word_1_209' title='bbox 501 4140 667 4212; x_wconf 80' lang='lat' dir='ltr'>prrnligliore.</span> 
     </span>
    </p>

    <p class='ocr_par' dir='ltr' id='par_1_14' title="bbox 316 4234 741 4311">
     <span class='ocr_line' id='line_1_30' title="bbox 316 4234 741 4311; baseline 0.007 -21"><span class='ocrx_word' id='word_1_210' title='bbox 316 4234 341 4292; x_wconf 91' lang='lat'>6.</span> <span class='ocrx_word' id='word_1_211' title='bbox 362 4238 398 4291; x_wconf 83' lang='lat' dir='ltr'>Le</span> <span class='ocrx_word' id='word_1_212' title='bbox 411 4238 540 4310; x_wconf 83' lang='lat' dir='ltr'>bourgeois</span> <span class='ocrx_word' id='word_1_213' title='bbox 554 4237 741 4311; x_wconf 79' lang='lat' dir='ltr'>gentilhomme.</span> 
     </span>
    </p>

    <p class='ocr_par' dir='ltr' id='par_1_15' title="bbox 317 4334 840 4408">
     <span class='ocr_line' id='line_1_31' title="bbox 317 4334 840 4408; baseline 0.008 -20"><span class='ocrx_word' id='word_1_214' title='bbox 317 4349 340 4404; x_wconf 86' lang='lat'>7.</span> <span class='ocrx_word' id='word_1_215' title='bbox 362 4335 423 4388; x_wconf 85' lang='lat' dir='ltr'>Don</span> <span class='ocrx_word' id='word_1_216' title='bbox 432 4334 502 4404; x_wconf 68' lang='lat' dir='ltr'>juon</span> <span class='ocrx_word' id='word_1_217' title='bbox 518 4352 553 4389; x_wconf 93' lang='lat' dir='ltr'>ou</span> <span class='ocrx_word' id='word_1_218' title='bbox 569 4336 603 4390; x_wconf 81' lang='lat' dir='ltr'>La</span> <span class='ocrx_word' id='word_1_219' title='bbox 613 4336 693 4406; x_wconf 76' lang='lat' dir='ltr'>sertin</span> <span class='ocrx_word' id='word_1_220' title='bbox 707 4335 736 4388; x_wconf 85' lang='lat' dir='ltr'>de</span> <span class='ocrx_word' id='word_1_221' title='bbox 747 4337 840 4408; x_wconf 75' lang='lat' dir='ltr'>pierre.</span> 
     </span>
    </p>

    <p class='ocr_par' dir='ltr' id='par_1_16' title="bbox 316 4430 768 4505">
     <span class='ocr_line' id='line_1_32' title="bbox 316 4430 768 4505; baseline 0.015 -23"><span class='ocrx_word' id='word_1_222' title='bbox 316 4431 341 4484; x_wconf 93' lang='lat'>8.</span> <span class='ocrx_word' id='word_1_223' title='bbox 365 4430 509 4497; x_wconf 61' lang='lat' dir='ltr'>Mimoirer,</span> <span class='ocrx_word' id='word_1_224' title='bbox 524 4446 543 4490; x_wconf 89' lang='lat' dir='ltr'>t.</span> <span class='ocrx_word' id='word_1_225' title='bbox 560 4435 582 4498; x_wconf 91' lang='lat' dir='ltr'>I,</span> <span class='ocrx_word' id='word_1_226' title='bbox 598 4450 623 4504; x_wconf 91' lang='lat' dir='ltr'>p.</span> <span class='ocrx_word' id='word_1_227' title='bbox 645 4447 693 4505; x_wconf 86' lang='lat'>309</span> <span class='ocrx_word' id='word_1_228' title='bbox 710 4450 768 4504; x_wconf 91' lang='lat' dir='ltr'>sqq.</span> 
     </span>
    </p>

    <p class='ocr_par' dir='ltr' id='par_1_17' title="bbox 279 4529 1450 4700">
     <span class='ocr_line' id='line_1_33' title="bbox 314 4529 1450 4610; baseline -0.011 -18"><span class='ocrx_word' id='word_1_229' title='bbox 314 4555 339 4609; x_wconf 85' lang='lat'>9.</span> <span class='ocrx_word' id='word_1_230' title='bbox 361 4537 452 4591; x_wconf 88' lang='lat' dir='ltr'>Nescit</span> <span class='ocrx_word' id='word_1_231' title='bbox 474 4539 583 4610; x_wconf 90' lang='lat' dir='ltr'>quidem</span> <span class='ocrx_word' id='word_1_232' title='bbox 611 4551 701 4593; x_wconf 89' lang='lat' dir='ltr'>noster</span> <span class='ocrx_word' id='word_1_233' title='bbox 722 4540 782 4610; x_wconf 93' lang='lat' dir='ltr'>quis</span> <span class='ocrx_word' id='word_1_234' title='bbox 801 4541 904 4609; x_wconf 88' lang='lat' dir='ltr'>primus</span> <span class='ocrx_word' id='word_1_235' title='bbox 925 4537 994 4590; x_wconf 84' lang='lat' dir='ltr'>hanc</span> <span class='ocrx_word' id='word_1_236' title='bbox 1018 4537 1159 4589; x_wconf 86' lang='lat' dir='ltr'>materiam</span> <span class='ocrx_word' id='word_1_237' title='bbox 1184 4531 1337 4585; x_wconf 85' lang='lat' dir='ltr'>tractaverit</span> <span class='ocrx_word' id='word_1_238' title='bbox 1360 4529 1450 4600; x_wconf 90' lang='lat' dir='ltr'>hispa-</span> 
     </span>
     <span class='ocr_line' id='line_1_34' title="bbox 279 4617 1448 4700; baseline -0.008 -22"><span class='ocrx_word' id='word_1_239' title='bbox 279 4627 398 4698; x_wconf 92' lang='lat' dir='ltr'>nicaeque</span> <span class='ocrx_word' id='word_1_240' title='bbox 416 4626 513 4683; x_wconf 86' lang='lat' dir='ltr'>fabulae</span> <span class='ocrx_word' id='word_1_241' title='bbox 527 4629 574 4700; x_wconf 85' lang='lat' dir='ltr'>(El</span> <span class='ocrx_word' id='word_1_242' title='bbox 587 4628 706 4683; x_wconf 84' lang='lat' dir='ltr'>burlador</span> <span class='ocrx_word' id='word_1_243' title='bbox 723 4628 751 4681; x_wconf 85' lang='lat' dir='ltr'>de</span> <span class='ocrx_word' id='word_1_244' title='bbox 769 4627 876 4696; x_wconf 80' lang='lat' dir='ltr'>Sauilla)</span> <span class='ocrx_word' id='word_1_245' title='bbox 889 4628 1048 4695; x_wconf 91' lang='lat' dir='ltr'>scriptorem</span> <span class='ocrx_word' id='word_1_246' title='bbox 1066 4622 1207 4678; x_wconf 87' lang='lat' dir='ltr'>Calderon</span> <span class='ocrx_word' id='word_1_247' title='bbox 1228 4619 1261 4672; x_wconf 90' lang='lat' dir='ltr'>de</span> <span class='ocrx_word' id='word_1_248' title='bbox 1279 4617 1304 4670; x_wconf 90' lang='lat' dir='ltr'>la</span> <span class='ocrx_word' id='word_1_249' title='bbox 1324 4619 1406 4671; x_wconf 88' lang='lat' dir='ltr'>Barca</span> <span class='ocrx_word' id='word_1_250' title='bbox 1421 4618 1448 4669; x_wconf 93' lang='lat' dir='ltr'>in</span> 
     </span>
    </p>
   </div>
   <div class='ocr_carea' id='block_1_9' title="bbox 225 4707 1449 4858">
    <p class='ocr_par' dir='ltr' id='par_1_18' title="bbox 225 4707 1449 4858">
     <span class='ocr_line' id='line_1_35' title="bbox 225 4707 1449 4788; baseline -0.008 -20"><span class='ocrx_word' id='word_1_251' title='bbox 225 4747 227 4753; x_wconf 93' lang='lat'>·</span> <span class='ocrx_word' id='word_1_252' title='bbox 280 4717 416 4784; x_wconf 90' lang='lat' dir='ltr'>prooemio</span> <span class='ocrx_word' id='word_1_253' title='bbox 436 4719 568 4785; x_wconf 89' lang='lat' dir='ltr'>nominat,</span> <span class='ocrx_word' id='word_1_254' title='bbox 588 4736 649 4771; x_wconf 90' lang='lat' dir='ltr'>cum</span> <span class='ocrx_word' id='word_1_255' title='bbox 669 4718 720 4771; x_wconf 92' lang='lat' dir='ltr'>hoc</span> <span class='ocrx_word' id='word_1_256' title='bbox 737 4728 928 4788; x_wconf 86' lang='lat' dir='ltr'>argumentum</span> <span class='ocrx_word' id='word_1_257' title='bbox 947 4717 1072 4786; x_wconf 90' lang='lat' dir='ltr'>princeps</span> <span class='ocrx_word' id='word_1_258' title='bbox 1093 4712 1172 4766; x_wconf 87' lang='lat' dir='ltr'>Tirso</span> <span class='ocrx_word' id='word_1_259' title='bbox 1197 4709 1229 4763; x_wconf 89' lang='lat' dir='ltr'>de</span> <span class='ocrx_word' id='word_1_260' title='bbox 1250 4707 1354 4761; x_wconf 89' lang='lat' dir='ltr'>Molina</span> <span class='ocrx_word' id='word_1_261' title='bbox 1378 4707 1449 4760; x_wconf 86' lang='lat' dir='ltr'>inve-</span> 
     </span>
     <span class='ocr_line' id='line_1_36' title="bbox 280 4809 1356 4858; baseline 0.001 -2"><span class='ocrx_word' id='word_1_262' title='bbox 280 4809 358 4858; x_wconf 87' lang='lat' dir='ltr'>nerit.</span> <span class='ocrx_word' id='word_1_263' title='bbox 1353 4820 1356 4824; x_wconf 83' lang='lat'>·</span> 
     </span>
    </p>
   </div>
   <div class='ocr_carea' id='block_1_10' title="bbox 0 0 1798 5680">
    <p class='ocr_par' dir='ltr' id='par_1_19' title="bbox 0 0 1798 5680">
     <span class='ocr_line' id='line_1_37' title="bbox 0 0 1798 5680; baseline 0 4"><span class='ocrx_word' id='word_1_264' title='bbox 0 0 1798 5680; x_wconf 95' lang='lat' dir='ltr'> </span> 
     </span>
    </p>
   </div>
  </div>
 </body>
</html>
