3588 5680
385 636 425 722 96
557 653 601 700 DE
625 651 806 700 GOLDONlO
832 653 973 700 lTALlCAE
998 653 1117 700 scAEttAE
1141 653 1378 703 correctoria.

383 795 468 862 inter
489 792 562 860 alias
585 815 703 882 aegram
729 815 763 859 se
778 814 903 880 semper
918 813 986 859 esse
1001 793 1149 880 putabat,
1167 810 1233 876 aut,
1250 794 1401 860 simulato
1417 792 1548 877 morbo,

384 917 580 986 comoediam
595 917 706 1006 plausu
729 934 891 1005 acceptam
908 915 1026 983 haerere
1046 935 1142 1006 atque
1161 917 1196 983 in
1216 934 1345 1006 tempus
1362 915 1480 986 differri
1495 941 1549 985 co·

383 1042 478 1128 gebat
489 1069 498 1128 ;
517 1037 646 1131 quodsi
664 1057 773 1108 autern
792 1039 842 1106 alii
862 1039 947 1106 illius
970 1058 1074 1128 partes
1096 1058 1368 1129 proponerentur,
1387 1064 1471 1129 aegra
1490 1060 1550 1110 sta·

383 1167 442 1234 tim
457 1166 580 1254 optima
595 1163 695 1232 salute
709 1163 961 1232 convalescebat.
980 1165 1091 1248 Quam
1111 1163 1296 1233 Goldonius
1316 1167 1349 1234 in
1372 1179 1496 1234 scaena¹
1515 1189 1548 1232 se

382 1290 484 1378 ipsam
508 1310 601 1377 agere
615 1289 733 1377 coegit,
751 1286 805 1354 sed
820 1288 879 1354 etsi
895 1309 963 1354 rem
978 1286 1030 1354 illa
1044 1308 1199 1370 senserat,
1215 1307 1319 1377 partes
1333 1312 1406 1356 suas
1422 1307 1544 1372 tamen,

383 1436 455 1503 quae
467 1412 527 1480 sibi
541 1412 632 1480 valde
646 1411 825 1500 placebant,
841 1412 964 1500 optime
981 1410 1134 1480 defendit.

428 1536 615 1604 Mordacior
637 1557 874 1626 nonnunquam
893 1534 997 1602 fabula
1016 1555 1096 1620 erat,
1122 1558 1198 1603 cum
1221 1537 1255 1602 in
1279 1537 1403 1625 pulpita
1425 1538 1547 1626 produ·

383 1679 467 1728 ceret
483 1679 578 1749 poeta
596 1679 744 1728 cantores
758 1676 813 1726 aut
827 1659 1010 1741 comoedos,
1028 1683 1122 1748 quos,
1136 1659 1289 1727 omnibus
1303 1661 1379 1736 artis
1394 1683 1459 1728 suae
1472 1662 1545 1728 ridi·

383 1783 461 1850 culis
474 1785 657 1867 ostentatis,
673 1781 854 1850 deludebat.
874 1783 1022 1850 Duarum
1036 1781 1217 1850 fabularum
1233 1784 1380 1851 materies
1395 1783 1457 1851 hoc
1478 1808 1544 1850 uno

386 1925 525 1987 constat,
540 1930 675 1998 quarum
691 1906 730 1974 de
745 1908 867 1996 priore²
883 1909 946 1996 jam
962 1907 1086 1974 mentio
1100 1906 1183 1974 lacta
1196 1927 1260 1990 est;
1273 1904 1328 1974 sed
1341 1931 1409 1975 non
1420 1925 1545 1975 tantum

383 2030 427 2097 ibi
442 2030 518 2121 quid
533 2030 573 2098 de
595 2051 662 2098 arte
675 2030 848 2098 dramatica
863 2033 992 2114 sentiat,
1009 2030 1143 2120 explicat
1158 2030 1359 2116 Goldonius3
1378 2032 1546 2099 comoedos

384 2155 494 2235 etiam,
510 2175 545 2220 ea
561 2155 730 2221 occasione
745 2153 829 2237 data,
850 2153 984 2236 deridet,
1006 2155 1060 2243 qui
1079 2154 1332 2243 extemporalem
1351 2153 1545 2222 comoediam

384 2276 530 2365 agebant.
547 2276 624 2343 Illos
639 2278 798 2365 vituperat
819 2274 906 2366 quod
922 2279 956 2344 in
971 2274 1134 2366 loquendo
1152 2277 1327 2346 verborum
1340 2276 1439 2345 finem
1450 2279 1545 2344 omit-

383 2418 500 2484 terent,
519 2401 612 2468 citius
625 2402 886 2488 pronuntiarent,
904 2399 1056 2489 spendida
1070 2403 1140 2468 loca
1163 2418 1261 2469 cantu
1286 2401 1428 2491 quodam
1444 2402 1546 2470 conti-

382 2547 450 2592 nuo
465 2502 720 2606 declamitarent3
738 2524 826 2614 quod
841 2547 955 2592 eorum
964 2544 1073 2612 gestus
1090 2544 1195 2593 essent
1204 2527 1422 2614 jactantiores,
1435 2525 1546 2593 ambo-

383 2651 441 2718 bus
463 2648 617 2718 btacchiis
636 2668 691 2716 aut
714 2648 882 2732 inertibus,
909 2673 963 2717 aut
984 2649 1080 2718 simul
1101 2651 1247 2738 agitatis3
1272 2648 1359 2738 quod
1382 2651 1428 2717 rei
1450 2669 1547 2738 gestae

384 2774 528 2840 animum
545 2796 613 2840 non
628 2774 703 2840 satis
717 2772 934 2856 attenderent,
951 2772 1064 2840 oculos
1079 2795 1199 2862 oraque
1215 2773 1254 2841 ad
1269 2792 1464 2864 spectatores
1474 2772 1546 2841 diri-

382 2916 508 2985 gerent,
535 2896 614 2964 dum
635 2897 715 2964 nihil
735 2896 797 2964 illis
826 2896 1000 2964 dicendum
1029 2916 1124 2978 esset,
1154 2898 1242 2965 velut
1266 2920 1385 2965 somno
1407 2897 1545 2981 excussi,

383 3043 459 3087 cum
473 3043 529 3086 sua
544 3021 612 3086 vice
626 3019 717 3109 loqui
732 3021 897 3089 deberent.

427 3143 553 3210 Fabulis
572 3142 717 3210 cantibus
737 3144 858 3210 ornatis
877 3146 941 3231 iam
959 3144 1136 3232 plurimum
1151 3144 1322 3211 comoediae
1340 3145 1545 3230 nocentibus,

377 3268 585 3335 occasionem
599 3288 670 3334 rato
691 3268 908 3355 praetermittit
924 3267 1108 3336 Goldonius
1125 3269 1160 3334 in
1179 3287 1339 3353 cantores,
1356 3291 1392 3335 ac
1413 3292 1543 3357 praeser-

382 3390 441 3457 tim
465 3391 498 3457 in
523 3387 722 3471 cantatrices,
742 3390 845 3457 telum
870 3390 1034 3480 quoddam
1054 3391 1237 3480 torquendi.
1258 3393 1454 3479 Arrogantia
1471 3415 1545 3460 cum

382 3513 540 3581 comoedis
560 3511 733 3581 utebantur
751 3515 805 3604 qui
825 3514 992 3597 canebant,
1014 3517 1198 3603 prioresque
1220 3515 1355 3581 miseros
1374 3514 1547 3582 histriones

381 3636 667 3726 circulatoresque,
691 3631 726 3703 ut
750 3639 889 3704 maxime
912 3637 951 3705 ad
971 3637 1191 3706 delectandam
1217 3636 1416 3727 plebeculam
1440 3655 1544 3727 aptos,

382 3760 539 3842 dicebant,
560 3761 639 3829 dum
654 3785 686 3828 se
701 3785 848 3828 summos
866 3760 1001 3829 artifices
1022 3763 1215 3850 musicaeque
1230 3761 1344 3828 doctos
1363 3763 1423 3852 ipsi
1442 3761 1546 3852 profi-

381 3884 540 3953 tebantur.
565 3886 689 3976 ltaque,
705 3887 739 3952 in
764 3885 889 3952 Comico
910 3888 1026 3953 theatro
1045 3909 1103 3974 pro
1124 3888 1246 3953 cunctis
1267 3886 1413 3953 Clarissae
1432 3903 1544 3952 canta-

381 4011 467 4076 tricis
486 4027 581 4097 caput
601 4033 701 4077 unum
722 4009 827 4091 datur,
852 4033 935 4100 quae,
957 4035 1031 4078 curn
1051 4012 1148 4101 ipsius
1169 4032 1301 4078 cantum
1325 4034 1430 4078 emere
1445 4033 1544 4077 nemo

381 4133 462 4216 vult,
479 4131 603 4200 felicem
617 4157 650 4200 se
664 4151 755 4222 putat
770 4134 858 4224 quod
877 4137 910 4201 in
933 4135 1089 4205 Goldonii
1104 4159 1236 4224 gregem
1256 4137 1457 4220 admittatur,
1475 4135 1544 4226 pol·

382 4256 557 4347 liceturque
573 4280 619 4338 se,
634 4276 791 4346 quantum
811 4261 923 4341 valeat,
941 4261 1106 4327 enixutam
1126 4278 1161 4327 ut
1176 4277 1292 4343 artem,
1310 4283 1407 4350 quam
1423 4260 1543 4348 proles·

381 4403 452 4449 sura
468 4382 519 4463 sit,
536 4382 629 4470 plane
644 4380 755 4450 discat.

388 4568 593 4578 ι*-

420 4702 442 4742 r.
463 4685 502 4740 Lu
510 4684 578 4755 finta
591 4685 735 4743 ammalata.

419 4795 443 4838 2.
466 4781 490 4834 ll
504 4783 695 4840 teatrocomico.
