3600 5682
319 647 355 696 12
487 648 531 695 DE
556 649 739 696 GOLDONIO
765 649 907 695 ITALlCAE
932 648 1052 696 SCAENAE
1076 645 1314 694 CORRECTORE.

315 809 382 875 quo
398 808 498 854 omne
512 785 696 868 ridiculum,
714 813 730 850 <r
749 810 785 854 os
794 842 803 873 ,
819 787 943 872 vultus,
959 785 1108 854 imitandi
1124 807 1244 866 mores,
1258 807 1335 865 vox,
1348 783 1488 873 denique

316 910 423 996 ipsum
448 922 638 997 corpus1u.
670 910 797 977 Scimus
826 910 864 977 ab
891 909 1081 993 Eustathio,
1106 909 1161 1000 qui
1189 906 1384 976 duodecimo
1413 927 1488 998 post

302 1031 488 1100 -Christum
503 1033 620 1101 saeculo
635 1031 782 1114 florebat,
802 1034 870 1120 ejus
891 1051 984 1100 aetate
1004 1037 1124 1115 Ζάνους
1146 1052 1279 1100 vocatos
1297 1030 1396 1100 fuisse
1416 1031 1486 1100 his-

318 1157 452 1237 triones,
474 1158 509 1225 in
529 1157 646 1247 quibus
666 1155 757 1225 facile
780 1181 934 1245 agnoscas
957 1157 1116 1228 Italorum
1138 1158 1272 1224 «Zanni
1288 1183 1320 1238 u,
1344 1155 1487 1224 duorum

318 1302 487 1348 servorum
516 1304 658 1365 nomen,
684 1283 739 1372 qui
764 1300 875 1371 postea
900 1308 915 1346 u
938 1281 1165 1349 Arlecchinou
1194 1299 1224 1348 et
1251 1279 1486 1366 rBrighellau

319 1403 465 1492 appellati
478 1425 567 1474 sunt.
587 1431 603 1468 u
621 1406 803 1473 Sanniones
821 1432 853 1489 u,
869 1406 911 1474 ait
927 1406 1057 1476 Nonius
1071 1406 1255 1486 Marcellus,
1274 1403 1455 1472 «dicuntur
1471 1426 1489 1471 a

318 1528 467 1612 Sannis²,
483 1530 627 1618 quisunt
646 1530 679 1596 in
694 1528 785 1597 dictis
799 1528 888 1597 fatui.
907 1556 923 1595 u
942 1529 1088 1616 Fuligine
1104 1528 1217 1598 faciem
1233 1527 1365 1597 obducti
1381 1548 1488 1613 erant,

319 1670 356 1720 ut
380 1653 542 1741 personati
560 1652 674 1720 italicae
694 1653 866 1721 comoediae
884 1653 1071 1738 histriones,
1096 1655 1235 1721 mimum
1255 1653 1393 1740 agebant
1412 1657 1489 1721 rasis

320 1776 509 1864 capitibus³‚
526 1796 558 1845 et
572 1775 674 1865 planis
693 1776 826 1866 pedibus
841 1779 1057 1866 proscaenium
1077 1778 1255 1846 introibant
1262 1803 1271 1862 ;
1295 1777 1404 1868 itaque
1423 1777 1490 1866 pla·

320 1898 469 1988 nipedes⁴
482 1898 691 1968 vocabantur.
705 1901 835 1983 Quibus
851 1903 1015 1991 propriam
1025 1922 1150 1969 vestem
1161 1901 1271 1969 tribuit
1284 1901 1321 1968 L.
1334 1899 1490 1990 Apuleius

229 2083 232 2088 .
321 2023 554 2092 centunculum
567 2036 589 2107 ⁵,
607 2026 638 2093 id
655 2046 701 2093 est
715 2024 861 2114 plurimis
875 2024 1038 2114 particulis
1054 2027 1282 2114 compositam.
1361 2053 1363 2058 ·

366 2271 561 2339 Paucissima
576 2287 685 2339 autem
700 2269 878 2339 fabularum
894 2296 932 2338 ex
946 2273 1126 2360 improviso
1141 2272 1346 2340 recitaturum
1364 2294 1492 2339 necesse

322 2411 370 2459 est
385 2392 493 2461 relicta
507 2395 572 2462 sint
588 2397 737 2481 vestigia3
757 2419 819 2485 qua
835 2396 960 2463 ratione
974 2394 1022 2462 his
1037 2395 1184 2464 alludunt
1199 2414 1328 2464 tantum
1346 2395 1400 2484 qui
1416 2394 1492 2464 doc·

323 2517 405 2583 tiora
429 2517 639 2606 scripserunt,
663 2517 718 2586 sed
743 2543 809 2609 quo
833 2520 951 2587 rariora
975 2520 1173 2601 testimonia,
1197 2541 1236 2586 eo
1261 2520 1393 2608 majoris
1416 2537 1492 2586 sunt

322 2639 474 2728 ponderis
495 2660 592 2731 atque
610 2643 820 2712 auctoritatis.
847 2642 935 2711 Cum
960 2641 1201 2710 sextodecimo
1222 2660 1298 2731 post
1321 2642 1492 2711 Christum

322 2763 453 2848 saeculo,
470 2764 609 2833 rediviva
624 2765 751 2834 classica
765 2766 926 2835 comoedia
938 2786 1090 2834 renovata
1101 2785 1161 2849 est,
1174 2765 1268 2834 turba
1282 2766 1493 2834 nihilominus

323 2885 362 2954 ad
385 2888 554 2977 populares
582 2891 672 2976 jocos
694 2889 863 2958 decurrere
884 2892 1036 2980 perstitit,
1062 2910 1094 2958 et
1121 2889 1290 2957 doctarum
1315 2888 1493 2957 fabularum

323 3029 531 3099 spectatores,
552 3011 680 3101 plebem
704 3013 896 3096 deridentes,
922 3014 998 3082 huic
1019 3015 1137 3082 minori
1155 3015 1266 3101 generi
1289 3040 1305 3076 a
1323 3015 1494 3082 commedio

324 3133 395 3201 aut
410 3149 476 3203 arta
494 3160 509 3198 u
527 3159 651 3204 nomen
666 3137 860 3204 tribuerunt.
878 3138 915 3203 In
931 3161 1012 3227 qu0,
1027 3139 1128 3205 animi
1138 3138 1274 3226 impetui
1288 3156 1377 3206 actor
1392 3139 1495 3226 magis

329 3317 538 3331 ——·—·-—0

363 3444 386 3484 1.
407 3429 449 3482 De
469 3427 546 3484 Orat.
569 3429 629 3484 Lib.
649 3425 684 3497 ΙΙ,
705 3442 762 3500 cap.
784 3429 836 3484 61:
859 3448 873 3479 u
894 3428 968 3494 Quid
987 3430 1060 3482 enim
1081 3441 1169 3501 potest
1190 3446 1246 3484 esse
1270 3441 1327 3483 tam
1349 3429 1495 3484 ridiculum

325 3527 406 3587 quam
422 3517 524 3571 Sannio
545 3519 606 3571 est?
625 3516 678 3572 Sed
699 3533 756 3583 ore,
776 3515 862 3582 vultu,
883 3516 1021 3570 imitandis
1040 3519 1173 3583 moribus,
1198 3533 1276 3584 voce,
1296 3518 1412 3589 denique
1435 3520 1496 3588 ipso

326 3621 439 3676 corpore
462 3606 571 3660 ridetur.
594 3606 700 3660 Salsum
724 3606 795 3660 hunc
815 3623 925 3677 possum
944 3605 1032 3660 dicere
1055 3616 1133 3676 atque
1152 3607 1200 3672 ita,
1225 3622 1281 3659 non
1305 3617 1333 3660 ut
1360 3607 1496 3677 ejusmodi

327 3707 464 3749 oratorem
479 3713 535 3749 esse
549 3695 642 3761 velim,
658 3696 703 3750 sed
718 3709 747 3749 ut
763 3696 887 3750 mimum.
904 3715 919 3747 u

362 3825 388 3865 2.
408 3808 540 3863 Nonnulli
555 3822 647 3864 tamen
659 3809 754 3864 v‘olunt
769 3827 871 3864 nomen
888 3829 902 3860 u
917 3810 1000 3863 Zanni
1016 3829 1029 3860 u
1046 3826 1061 3862 a
1076 3809 1159 3863 verbo
1174 3809 1265 3863 italico
1284 3829 1298 3859 a
1312 3826 1396 3863 zaune
1411 3831 1425 3862 a
1443 3812 1496 3864 ori·

327 3898 420 3967 ginem
435 3898 542 3964 ducere,
557 3899 629 3970 quod
646 3899 766 3952 «dentes
781 3897 951 3969 usig'nificat,
968 3899 1030 3969 quia
1044 3897 1139 3969 figuris
1162 3918 1176 3948 a
1190 3898 1273 3951 Zanni
1289 3918 1303 3949 u
1323 3899 1496 3968 exprimenti-

328 3985 377 4040 bus
391 3986 483 4040 dentes
498 3999 581 4043 erant.
598 3979 691 4058 (Cario
707 3982 825 4051 Gotdoai,
840 4004 856 4040 a
870 3985 1040 4040 Ferdinando
1056 3985 1173 4043 Galanti.
1193 3987 1305 4052 Patavii,
1324 3987 1412 4054 1882).
1428 3987 1498 4042 Vide

328 4076 410 4129 etiam
425 4075 533 4129 Molitra
545 4082 567 4128 tt
580 4076 605 4129 la
619 4076 724 4129 comidie
738 4067 869 4141 italicum,
885 4094 900 4129 a
915 4076 998 4130 Louis
1013 4069 1134 4130 Moland.
1152 4077 1276 4140 Lutetiae,
1297 4074 1373 4145 1867.

366 4205 389 4259 3.
410 4189 444 4244 G.
460 4190 483 4260 J.
495 4191 615 4255 Vossius,
632 4189 789 4243 Paetiaarum
808 4191 1001 4243 institutionum
1016 4190 1079 4243 libri
1096 4191 1150 4245 ΙΙΙ.
1167 4191 1228 4246 Lib.
1243 4191 1277 4245 ΙΙ.
1295 4190 1364 4260 Cap.
1384 4207 1418 4262 29
1437 4203 1495 4260 sqq.

363 4318 390 4369 4.
410 4305 534 4377 Planipes
543 4317 630 4376 graece
638 4306 734 4359 dicitur
743 4305 854 4371 Mimus,
866 4304 928 4358 ideo
939 4316 1030 4358 autem
1040 4304 1122 4358 latine
1132 4304 1305 4375 «planipes»,
1314 4303 1385 4376 quod
1394 4314 1498 4357 actores

328 4392 414 4464 planis
426 4393 547 4463 pedibus,
563 4394 589 4447 id
604 4406 643 4447 est
656 4393 745 4457 nudis,
760 4393 939 4465 proscaenium
952 4391 1093 4448 introirent
1106 4391 1278 4463 (Diomedes,
1291 4393 1340 4458 111,
1351 4406 1414 4462 490.
1426 4388 1498 4457 Keil,

313 4479 370 4534 ·De
381 4473 557 4552 grammaticis
570 4471 667 4537 latinis.
686 4481 792 4552 Lipsiae,
813 4481 900 4550 1857).

290 4623 293 4628 v
365 4612 388 4664 ς.
412 4616 426 4646 r
441 4598 516 4662 Quid
530 4599 604 4652 enim
618 4599 639 4650 si
654 4597 815 4668 choragium
830 4596 1009 4668 thymelicum
1026 4595 1214 4666 possiderem?
1229 4611 1296 4649 rrum
1311 4613 1342 4649 ex
1363 4611 1398 4650 eo
1417 4611 1497 4665 argu·

329 4696 449 4738 mentare
463 4686 544 4740 etiam
563 4687 601 4738 uti
617 4701 660 4738 me
679 4700 821 4738 consuesse
838 4684 955 4753 tragoedi
975 4695 1102 4755 syrmate,
1119 4684 1258 4738 histrionis
1277 4694 1395 4748 crocata,
1416 4683 1496 4736 mimi

329 4771 496 4826 centunculo?
511 4793 525 4823 a
539 4771 677 4845 (Apologia
690 4787 732 4826 sm
747 4771 839 4826 Oratio
853 4771 882 4824 da
897 4772 1010 4842 magia.)
1333 4755 1337 4762 ⁸
