3600 5682
538 647 540 654 '
561 645 731 700 QUANTUM
748 646 800 691 ‘AD
824 647 967 693 LITTERAS
992 644 1173 692 PERTINET·
1409 643 1450 711 27

286 783 411 848 Locum
427 781 597 870 spectaculi
611 784 645 848 in
660 782 804 871 ejusdem
820 784 907 853 urbis
922 782 1098 865 moenibus,
1111 801 1165 851 aut
1179 781 1322 870 ejusdem
1333 782 1450 852 domus

286 907 385 972 mutis
399 907 528 988 retinet,
545 906 632 996 quod
647 929 716 974 non
726 906 966 975 multumabest
979 931 998 974 a
1013 906 1160 975 Cornelii
1170 908 1449 996 interpretatione,

285 1031 462 1118 praesertim
481 1029 516 1096 in
538 1029 694 1116 tragoedia
707 1029 771 1114 illa,
790 1033 841 1098 cui
866 1031 929 1098 Cid
947 1030 1060 1098 titulus
1079 1047 1138 1098 est.
1157 1031 1274 1113 Multa,
1292 1019 1365 1098 mea
1380 1034 1449 1121 qui·

285 1151 360 1219 dem
383 1154 554 1234 sententia,
578 1153 617 1220 de
639 1153 702 1221 hoc
725 1152 841 1222 addere
866 1153 993 1237 liceret,
1016 1177 1093 1222 nam
1115 1153 1451 1245 quantulumcumque

284 1297 396 1343 scaenae
409 1274 636 1343 locus‘mutari
656 1293 764 1363 potest
780 1276 832 1367 (et
844 1277 962 1366 pluries
984 1276 1100 1344 eodem
1122 1294 1194 1345 actu
1217 1277 1302 1366 apud
1325 1277 1452 1346 Goldo-

284 1399 376 1465 nium
399 1397 575 1489 mutatur),
600 1399 686 1468 idem
710 1423 728 1466 a
752 1417 863 1469 nostra
885 1400 1083 1490 imaginandi
1107 1403 1138 1468 vi
1162 1403 1293 1490 petitur,
1318 1402 1450 1469 cumin

283 1521 377 1590 aliam
397 1522 483 1590 urbis
503 1539 559 1590 aut
578 1522 696 1591 domus
715 1541 838 1613 partem
858 1526 942 1592 actio
962 1543 1177 1610 movetur,ac
1196 1527 1275 1595 siin
1295 1527 1450 1594 remotis-

282 1645 380 1712 simas
394 1644 510 1713 Africae
522 1646 574 1714 vel
587 1648 672 1715 Asiae
690 1648 839 1737 regiones
853 1648 1089 1719 transferretur.

830 2005 893 2112 §a

329 2277 442 2366 Usque
456 2276 495 2345 ad
508 2277 540 2345 id
556 2278 710 2366 temporis
725 2277 849 2368 (1750)
864 2281 983 2346 sensim
1000 2302 1035 2346 ac
1051 2277 1215 2347 moderate
1225 2302 1363 2346 scaenam
1378 2302 1448 2347 cor·

247 2450 249 2454 .
283 2402 385 2489 rigere
410 2401 593 2469 Goldonius
619 2419 732 2470 tentat.
758 2401 918 2471 Nondum
943 2405 1030 2470 enim
1054 2402 1304 2493 extemporalem
1326 2426 1450 2472 comne-

283 2524 382 2608 diam‚
407 2543 519 2615 quam,
541 2525 709 2615 privilegio
733 2525 888 2615 quodam,
908 2525 999 2594 facile
1017 2526 1116 2594 Italiae
1134 2527 1302 2615 ingenium
1322 2526 1447 2610 extulit,

284 2645 410 2716 abolere
430 2649 474 2716 illi
494 2651 529 2716 in
548 2652 658 2718 animo
676 2667 744 2733 est;
766 2673 872 2742 neque
891 2652 973 2739 ipsas
994 2651 1106 2732 larvas,
1127 2674 1233 2740 neque
1252 2675 1270 2718 a
1288 2650 1448 2740 prioribus

283 2771 411 2840 traditas
425 2797 584 2862 personas
604 2776 742 2843 omnino
761 2773 884 2842 auferre
902 2776 1001 2864 cupit.
1023 2775 1102 2843 Non
1124 2775 1228 2843 adhuc
1248 2776 1342 2842 cessit
1360 2776 1446 2859 dies3

283 2898 423 2964 multum
442 2898 599 2967 nimirum
614 2901 679 2986 jam
693 2899 847 2980 obtinuit,
865 2923 941 2966 nam
958 2900 1115 2990 populum
1129 2899 1296 2968 assuefecit
1310 2918 1345 2968 ut
1364 2901 1448 2969 aliud

281 3023 314 3089 in
333 3022 458 3089 theatro
475 3007 632 3111 quaereret
646 3046 681 3090 ac
697 3042 801 3090 meras
815 3047 929 3112 nugas,
945 3041 977 3091 et
994 3047 1125 3092 morum
1139 3023 1339 3112 disciplinam
1353 3027 1448 3092 seria·

282 3168 345 3234 que
364 3164 500 3235 saperet.
522 3147 600 3215 Non
621 3149 650 3214 ei
669 3146 798 3237 quidem
821 3165 952 3236 repente
973 3148 1153 3216 tollendum
1174 3166 1254 3233 erat,
1273 3148 1361 3240 quod
1376 3149 1447 3218 lon·

280 3293 360 3357 gum
374 3274 437 3359 jam
451 3288 579 3360 tempus
595 3288 713 3338 notum
722 3272 900 3355 amabatur,
913 3272 967 3340 sed
983 3275 1122 3362 antiquis
1133 3273 1292 3340 utendum
1303 3276 1448 3362 personis

282 3413 313 3461 et
328 3393 449 3480 liguris.
467 3395 550 3462 Satis
565 3395 667 3462 multa
681 3416 867 3484 supererant
880 3416 951 3488 quae
966 3396 1228 3478 emendarentur,
1240 3398 1273 3465 in
1288 3399 1398 3486 primis
1411 3421 1447 3464 ea

281 3542 352 3607 quae
365 3518 404 3586 ad
418 3517 588 3608 soliloquia
602 3517 817 3608 pertinebant.

325 3643 385 3710 His
414 3643 532 3710 scilicet
564 3645 722 3733 populus,
753 3646 787 3712 in
816 3644 1085 3734 extemporalibus
1113 3644 1302 3726 comoediis,
1338 3666 1446 3712 rerum

280 3769 397 3834 certior
417 3766 524 3847 fiebat,
541 3791 620 3857 quas
642 3791 719 3834 eum
744 3792 851 3852 nosse,
872 3770 1043 3858 incipiente
1067 3769 1185 3849 fabula,
1212 3791 1341 3836 necesse
1365 3785 1442 3835 erat.

280 3890 344 3957 Sed
362 3893 424 3959 hoc
446 3911 560 3980 parum
580 3893 752 3960 verisimile
763 3919 772 3974 ;
795 3914 906 3959 nonne
925 3895 1012 3960 enim
1035 3916 1143 3960 secum
1159 3891 1304 3982 loquitur
1316 3894 1344 3959 is
1358 3892 1446 3960 solus

279 4017 334 4104 qui
348 4018 556 4083 vehementer
575 4018 826 4084 commovetur?
840 4017 931 4084 Tum
951 4016 1038 4084 hunc
1053 4019 1097 4084 ita
1119 4035 1312 4106 spectatores
1332 4015 1446 4084 docere

279 4138 436 4222 conced0,
457 4163 528 4228 quae
549 4141 616 4206 imo
641 4142 674 4206 in
699 4157 830 4230 pectore
853 4117 981 4222 sentiat,
1011 4165 1082 4230 quae
1104 4143 1145 4208 sit
1168 4142 1306 4224 indoles,
1330 4143 1444 4232 quibus

279 4263 418 4348 agitetur
439 4261 614 4344 affectibus,
636 4263 691 4330 sed
716 4286 783 4330 non
808 4263 977 4332 admittam
999 4264 1091 4332 illum
1115 4264 1173 4332 sibi
1193 4267 1299 4354 ipsum
1318 4287 1445 4331 amores

280 4409 354 4454 suos
373 4404 428 4454 aut
441 4389 589 4475 proprios
604 4410 694 4454 casus
717 4407 912 4456 narrantem.
931 4390 1063 4456 Veteres
1083 4389 1214 4479 quidem
1232 4390 1327 4456 italici
1342 4405 1446 4478 poetae

279 4509 368 4576 aliter
381 4511 476 4576 etiarn
493 4533 573 4591 rem,
591 4512 696 4598 primo
716 4533 904 4598 congressu,
922 4534 1082 4601 exponere
1102 4512 1260 4592 solebant,
1278 4513 1344 4578 sive
1358 4512 1446 4579 Pan-

255 4691 259 4699 .
279 4633 342 4700 talo
357 4656 431 4700 cum
446 4633 591 4716 doctore,
609 4635 675 4701 sive
690 4658 761 4702 erus
776 4635 908 4725 quidam
925 4658 1000 4702 cum
1013 4659 1118 4716 servo,
1136 4653 1190 4702 aut
1204 4653 1354 4702 matrona
1369 4659 1445 4702 cum

277 4756 389 4825 ancilla
405 4757 606 4850 loquebatur.
625 4759 745 4828 Melior
755 4780 865 4828 autem
880 4758 993 4827 fabulae
1008 4759 1206 4849 exponendae
1220 4761 1313 4840 ratio,
1326 4777 1358 4826 et
1373 4784 1446 4850 quae
