3600 5682
349 635 391 702 28
530 653 574 700 DE
598 654 780 702 GOLDONIO
805 655 947 703 l'I'ALlCAE
971 655 1092 703 SCAENAE
1115 653 1338 702 CORRECTORE

349 792 579 882 spectatoribus
592 791 722 862 taedium
737 815 805 862 non
824 793 946 875 afferat,
964 794 1096 861 materie
1117 793 1259 883 pluribus
1279 792 1379 860 divisa
1400 793 1512 862 scaenis

349 941 384 985 ac
396 917 549 1007 paulatim
562 936 755 1008 argumento
771 917 941 986 admiranti
955 919 1127 1006 spectatori
1142 916 1309 1007 explicato.

391 1165 558 1233 Accedunt
572 1165 606 1232 in
622 1165 733 1236 eadem
746 1164 852 1233 fabula
863 1178 886 1245 ¹,
902 1164 942 1232 de
952 1187 1015 1254 qua
1030 1187 1124 1253 supra
1137 1167 1406 1246 commemoravi,
1424 1187 1512 1232 non-

348 1289 443 1358 nullae
456 1287 522 1356 aliae
536 1288 743 1378 quaestiones,
755 1310 843 1369 cum,
855 1286 944 1355 verbi
957 1289 1069 1374 gratia,
1086 1285 1125 1356 de
1140 1311 1233 1356 versu
1249 1290 1377 1355 comico
1392 1290 1512 1376 agitur,

348 1417 438 1503 cujus
453 1437 520 1481 non
536 1414 675 1481 nimium
694 1411 802 1482 fautor
819 1411 916 1479 fuisse
929 1409 1056 1480 videtur
1077 1411 1273 1494 Goldonius,
1292 1436 1357 1503 quo
1380 1413 1512 1503 propius

346 1561 423 1606 vero
438 1540 583 1622 instaret,
598 1537 625 1604 si
640 1538 700 1626 ipsi
715 1536 887 1616 credimus,
903 1535 958 1604 sed
973 1537 1093 1626 potius,
1109 1553 1146 1603 ut
1160 1557 1301 1626 apparet,
1319 1539 1392 1626 quia
1407 1537 1513 1605 soluta

347 1664 494 1730 oratione
509 1659 638 1729 liberius
653 1660 814 1729 utebatur.
828 1660 997 1750 Quidquid
1011 1660 1043 1728 id
1057 1679 1117 1742 est,
1130 1683 1229 1728 unam
1244 1663 1375 1750 spiritus
1390 1684 1426 1728 ac
1440 1662 1514 1728 soni

347 1786 565 1853 intentionem
585 1786 619 1852 in
639 1784 803 1854 recitando
825 1784 1018 1874 easdemque
1038 1808 1164 1875 semper
1185 1787 1274 1853 vocis
1294 1785 1464 1866 flexiones,
1481 1805 1512 1853 et

347 1911 550 1999 jactantiores
568 1928 677 1998 gestus
700 1912 880 1999 vituperat3
902 1929 1027 1979 actores
1044 1913 1142 1978 etiam
1164 1929 1278 1978 monet
1300 1912 1345 1978 rei
1363 1910 1512 2000 gerendae

348 2035 416 2101 sine
430 2034 668 2103 intermissione
682 2033 745 2102 ulla
759 2034 942 2116 intendant,
960 2057 1031 2115 nec,
1047 2034 1109 2102 alio
1128 2034 1295 2124 loquente,
1317 2053 1513 2123 spectatores

346 2159 545 2240 intueantur,
573 2159 678 2225 socios
705 2157 874 2226 observate
899 2158 1093 2226 desinentes.
1126 2158 1276 2225 Tandem
1304 2159 1344 2226 de
1372 2161 1514 2226 carmine

346 2281 483 2364 disserit,
503 2281 591 2372 quod
608 2280 748 2348 fabulam
762 2280 945 2362 claudebat,
963 2301 994 2348 et
1010 2283 1060 2348 cui
1077 2291 1198 2350 nomen
1217 2300 1379 2350 nsonetto
1397 2308 1413 2345 n
1432 2301 1510 2350 erat.

348 2407 416 2472 Etsi
431 2405 589 2492 ejusmodi
605 2404 752 2473 versiculi
771 2428 789 2472 a
808 2406 976 2495 proposito
996 2404 1269 2492 digrediebantur,
1291 2407 1450 2474 comoedis
1466 2424 1513 2473 ta·

347 2551 422 2596 men
437 2527 528 2597 valde
542 2528 721 2618 placebant,
740 2529 828 2618 quod
842 2530 886 2595 ita
902 2529 1072 2596 certissimi
1090 2529 1219 2618 plausus
1239 2528 1510 2617 provocabantur.

347 2653 462 2742 Itaque
476 2671 587 2721 noster
603 2653 689 2721 hunc
705 2675 848 2720 errorem
862 2653 962 2721 vitare
976 2675 1044 2720 non
1059 2675 1186 2742 semper
1199 2653 1319 2742 potuit,
1333 2672 1513 2722 memorat-

348 2800 411 2866 que
426 2799 459 2844 se
475 2788 732 2866 nonnunquam²
747 2776 810 2843 hoc
825 2799 954 2844 carmen
973 2775 1157 2864 petentibus
1171 2775 1376 2844 concessisse.

394 2901 433 2968 Et
457 2903 491 2969 in
516 2900 613 2988 longe
637 2900 715 2996 alius
738 2900 864 2988 generis
886 2900 1012 2982 fabulis,
1034 2918 1069 2967 ut
1092 2901 1126 2967 in
1144 2899 1241 2968 flebili
1261 2899 1434 2982 comoedia,
1461 2900 1512 2968 cui

346 3026 477 3093 Pamela
498 3024 621 3105 titulus,
643 3023 725 3091 hanc
748 3023 923 3092 disserendi
945 3026 1125 3105 materiam,
1149 3047 1205 3092 sua
1229 3023 1407 3113 plurimum
1428 3022 1513 3092 refe-

347 3169 485 3230 rentem,
502 3151 631 3230 iterum,
649 3148 703 3216 sed
718 3171 786 3216 non
800 3171 927 3237 semper
947 3149 1121 3237 aptissime,
1140 3148 1325 3217 Goldonius
1345 3172 1513 3238 aggressus

348 3293 408 3342 est.
424 3275 511 3342 Nam
526 3275 560 3340 in
577 3273 647 3355 hac,
664 3272 703 3340 de
719 3294 782 3363 qua
801 3271 976 3340 novissima
997 3273 1121 3340 mentio
1141 3271 1224 3340 facta
1242 3293 1303 3356 est,
1320 3272 1425 3340 fabula
1440 3272 1513 3342 ridi-

348 3396 459 3466 culum
476 3397 649 3486 quemdam
661 3397 901 3465 adulescentem
921 3421 937 3460 c<
950 3395 974 3463 il
988 3394 1138 3465 cavaliere
1154 3397 1277 3464 Ernold
1288 3424 1303 3460 »
1322 3394 1510 3478 introducit,

349 3523 415 3610 qui,
441 3519 538 3610 longa
557 3542 631 3611 post
646 3517 758 3589 itinera
775 3521 963 3591 Londinum
977 3543 1133 3602 reversus,
1158 3520 1296 3589 italicam
1316 3521 1511 3589 comoediam

349 3645 494 3712 laudibus
510 3646 601 3714 effert
619 3671 626 3713 z

391 3809 434 3818 -
452 3797 468 3833 tt
483 3771 636 3838 Utinam!
652 3767 707 3853 ait,
725 3772 843 3838 nostris
858 3770 998 3839 scaenicis
1012 3767 1095 3837 ludis
1105 3769 1332 3864 Arlecchinum
1344 3769 1509 3850 addamus,

348 3895 498 3960 omnium
513 3896 547 3961 in
561 3915 718 3962 terrarum
733 3893 809 3962 orbe
823 3889 1064 3962 facetissimum.
1083 3895 1199 3962 Servus
1219 3892 1304 3962 idem
1323 3913 1371 3962 est
1394 3894 1511 3962 stultus

348 4034 380 4083 et
402 4017 543 4100 callidus,
567 4020 618 4086 cui
640 4018 724 4087 larva
746 4018 888 4099 ridicula,
912 4020 1008 4086 vestis
1032 4018 1257 4106 centunculus,
1278 4040 1382 4106 eoque
1401 4018 1511 4084 statim

348 4144 431 4227 viso,
443 4143 476 4210 in
486 4144 587 4212 risum
597 4142 823 4211 diffunduntur
832 4160 1037 4231 spectatores.
1050 4141 1233 4211 Verborum
1244 4164 1355 4212 sensus
1367 4142 1478 4208 miscet
1486 4154 1509 4223 ³,

386 4419 409 4458 1,
431 4400 457 4454 Il
471 4405 549 4454 taetro
562 4399 663 4457 cornico.

289 4524 292 4530 ·
384 4525 409 4566 2.
425 4510 456 4564 ln
470 4510 509 4562 La
518 4516 594 4580 putta
607 4516 719 4573 onorata,
737 4509 776 4562 La
795 4509 876 4562 buono
895 4506 999 4580 moglie,
1014 4510 1051 4562 La
1072 4509 1166 4562 vedova
1184 4509 1284 4572 scultro,
1308 4509 1325 4562 Ι
1344 4508 1392 4562 due
1411 4509 1512 4579 gemelli

347 4610 491 4664 venepam,
507 4607 558 4650 etc.

387 4716 409 4766 3.
430 4699 483 4752 Pro
499 4719 513 4749 r
528 4698 650 4754 Padroue
666 4720 680 4748 »
694 4698 811 4752 Poltrone
832 4700 998 4769 pronuntiat,
1014 4716 1063 4769 pro
1084 4719 1098 4749 a
1112 4699 1227 4752 Dottore
1242 4718 1256 4748 a
1277 4691 1381 4765 Dolore,
1402 4697 1511 4770 Campa-

348 4786 412 4840 ncllo
426 4803 475 4858 pro
491 4807 505 4838 c
520 4786 634 4857 Capello
650 4808 674 4852 »,
690 4787 801 4842 Letliera
816 4805 864 4860 pro
881 4807 895 4837 u
911 4788 1017 4843 Letteta
1032 4810 1045 4839 u
1064 4800 1089 4842 et
1103 4788 1141 4841 sic
1156 4786 1207 4840 alia
1222 4787 1388 4857 hujusmodi.
1439 4829 1441 4835 ,
