3600 5682
334 617 359 680 8·
508 635 551 680 DE
577 633 758 680 GOLDONIO
784 633 926 679 lTALlCAE
951 635 1071 680 SCAENAE
1095 634 1334 680 CORRECTORE.

334 789 487 854 maternae
506 771 592 840 urbis
616 791 648 839 et
671 771 806 840 amabile
825 772 1005 856 ingenium,
1033 789 1065 838 et
1086 770 1221 860 facetam
1246 771 1504 861 benevolamque

334 895 493 988 indolem,
517 916 548 964 et
577 894 682 963 faciles
710 919 830 979 mores,
855 912 887 961 ct
915 894 1257 984 voluptatisstudium
1284 895 1393 978 habet,
1417 893 1506 984 quod

333 1043 433 1088 omne
449 1043 517 1087 uno
531 1039 655 1088 venetae
666 1018 790 1088 dialecti
800 1018 920 1087 verbo:
941 1045 957 1082 «
970 1020 1161 1087 morbinoso
1175 1045 1191 1084 a
1206 1020 1368 1107 exprimit,
1384 1017 1506 1086 nullam

334 1146 369 1211 in
387 1144 482 1212 aliam
505 1143 650 1231 linguam
671 1143 918 1211 translationem
938 1142 1070 1211 ferente.
1094 1143 1251 1232 Inquietae
1272 1144 1370 1230 igitur
1389 1142 1508 1214 mentis

335 1267 478 1348 tumultu
494 1291 561 1335 non
583 1269 722 1356 agitatur
731 1294 740 1350 ;
764 1267 909 1356 publicos
924 1290 1033 1334 rerum
1049 1268 1258 1333 scaenicarum
1274 1275 1424 1336 censores
1439 1288 1507 1332 non

334 1393 441 1472 timet,
458 1415 600 1482 quorum
616 1393 720 1461 immo
737 1414 856 1458 munus
870 1389 988 1458 laudat.
1005 1391 1145 1457 Animos
1160 1391 1247 1456 enirn
1263 1389 1434 1457 conciliare
1450 1412 1506 1456 na·

333 1516 740 1604 turaamat,Venetiasque
756 1538 831 1581 cum
842 1515 1026 1581 Turcatum
1042 1515 1183 1603 principe
1195 1514 1359 1581 connubio
1374 1514 1509 1600 jungere

334 1639 533 1720 tentavisset,
550 1639 610 1705 nisi
629 1638 764 1726 plenum
783 1641 848 1726 jam
866 1637 977 1704 luisset
997 1636 1092 1726 hujus
1114 1659 1317 1724 gynaeceum.
1341 1637 1409 1704 Etsi
1428 1635 1511 1704 fidus

334 1760 526 1838 christianus
547 1760 606 1829 fuit
623 1760 825 1852 ecclesiaeque
839 1760 1014 1849 disciplinae
1031 1763 1140 1836 stricte
1161 1759 1334 1830 obsecutus
1357 1778 1418 1842 est,
1434 1781 1510 1826 curn

336 1885 537 1975 pbilosophis
559 1886 763 1954 concorditer
785 1887 863 1953 vixit
891 1885 1141 1974 Voltariumque
1167 1903 1336 1955 mortuum
1365 1882 1511 1951 laudibus

337 2009 463 2078 extulit.
493 2010 682 2078 Histrioniae
706 2011 805 2099 ipsius
828 2010 905 2078 artis
926 2027 1048 2077 veteres
1078 2033 1153 2077 cum
1178 2009 1308 2077 ecclesia
1327 2009 1511 2082 inimicitias

335 2156 534 2222 componere
549 2132 659 2217 vellet,
678 2135 767 2222 quod
782 2133 913 2222 quidem
923 2132 1048 2201 'facilius
1062 2131 1199 2201 fortasse
1220 2135 1252 2200 in
1275 2130 1365 2200 Italia
1384 2131 1510 2212 fuisset,

339 2256 395 2338 ubi
418 2258 540 2324 mutuis
561 2255 825 2324 concessionibus·
842 2256 980 2346 plurima
1000 2256 1074 2324 alibi
1093 2254 1323 2324 inextricabilia
1346 2254 1512 2328 interdum

337 2381 553 2448 resolvuntur.
580 2380 689 2447 Imum
713 2383 739 2447 si
761 2381 867 2447 virum
891 2400 1107 2469 perscrutatus
1131 2381 1205 2464 eris,
1232 2380 1400 2447 meliorem
1425 2379 1513 2446 hunc

339 2503 450 2570 multis
466 2501 534 2570 aliis
553 2503 710 2585 invenies,
730 2527 766 2570 ac
785 2504 962 2592 praesertim
981 2502 1108 2571 assiduo
1129 2503 1236 2571 labore
1257 2505 1378 2570 mirum
1389 2526 1397 2586 ;
1424 2501 1513 2570 deest

338 2648 447 2696 autem
467 2651 586 2695 nervus
604 2647 636 2695 et
659 2647 745 2694 certa
765 2630 901 2716 vivaque
925 2626 1002 2695 fides
1028 2628 1120 2702 tardo
1146 2647 1259 2696 natura
1281 2629 1390 2715 potius
1416 2645 1514 2716 atque

339 2751 445 2836 inerti.
461 2753 578 2819 Narrat
594 2752 680 2818 enirn
693 2751 878 2819 Goldonius
893 2775 927 2818 se
941 2751 1020 2818 olim
1037 2753 1192 2840 incepisse
1206 2749 1370 2840 quoddam
1389 2769 1513 2818 venetae

340 2872 466 2941 dialecti
480 2878 626 2958 Λεξικόν,
642 2873 731 2964 quod
745 2898 827 2963 saepe
843 2875 1005 2957 relictum,
1022 2899 1105 2964 saepe
1122 2892 1337 2963 resumpserat
1354 2892 1398 2956 et,
1418 2871 1513 2941 decli-

341 3018 441 3070 nante
464 2999 542 3080 vita,
568 2996 748 3084 fugientem
772 3020 927 3066 somnum
950 3002 1136 3089 insequens,
1158 3022 1240 3088 opus
1264 3000 1383 3065 iterum
1400 3020 1515 3088 aggre-

343 3121 500 3206 diebatur,
516 3123 579 3190 hoc
597 3121 753 3205 remedi0,
771 3142 805 3190 ut
821 3125 876 3206 ait,
896 3125 1173 3192 contentissimus.

388 3245 482 3313 Molli
503 3246 536 3314 in
560 3245 624 3312 hoc
646 3247 757 3313 animo
778 3270 863 3313 unus
886 3246 1017 3315 affectus
1040 3248 1137 3329 valet,
1164 3247 1282 3315 scilicet
1308 3248 1383 3316 artis
1410 3268 1515 3326 amor,

266 3451 269 3458 ,
343 3388 439 3459 atque
455 3368 553 3436 Italiae
568 3392 692 3436 novum
703 3370 977 3460 emendatumque
993 3373 1157 3440 theatrum
1171 3371 1268 3438 dandi
1286 3370 1416 3458 cupido,
1432 3393 1517 3459 quae,

345 3496 442 3562 etiam
461 3492 701 3562 adulescentulo
716 3514 830 3563 nostro
847 3495 995 3578 homine,
1009 3499 1073 3584 jam
1088 3495 1201 3562 fervet.
1221 3496 1268 3562 Ut
1291 3494 1435 3581 plurimi,
1451 3495 1518 3582 pri·

347 3617 668 3707 mumgrandiloquis
682 3619 866 3707 tragoediis¹
883 3621 1015 3708 incipit;
1033 3643 1111 3686 mox
1124 3643 1157 3686 se
1175 3642 1244 3686 non
1263 3617 1302 3686 ad
1314 3637 1403 3686 tanta
1426 3639 1520 3684 voca·

347 3762 419 3810 tum
450 3743 621 3831 comperit,
646 3743 763 3832 quibus
784 3766 851 3810 non
876 3747 951 3812 satis
980 3767 1079 3833 purus
1103 3767 1214 3812 serrno
1240 3743 1434 3833 suppeditat,
1463 3764 1521 3809 nec

349 3866 507 3948 sufficiens
522 3883 622 3934 tuscae
636 3865 755 3956 linguae
768 3892 855 3938 usus.
876 3870 989 3936 Potius
1004 3869 1079 3957 quid
1096 3871 1137 3935 sit
1154 3867 1280 3937 ridiculi
1296 3891 1393 3958 quarn
1408 3867 1519 3954 tragici

349 3992 383 4057 in
403 3991 497 4058 rebus
517 3992 667 4060 humanis
687 3991 792 4076 videt;
819 4011 895 4058 tunc
923 3992 1139 4081 Melpomenae
1160 3990 1351 4074 valedicens,
1377 3994 1521 4080 jocosam

352 4115 502 4213 Thaliam
516 4114 653 4203 praefert.
669 4115 739 4200 Jam
762 4113 930 4204 populares
949 4114 1069 4182 fabulas
1093 4115 1278 4195 delineavit,
1304 4117 1336 4180 in
1364 4112 1481 4204 quibus
1505 4135 1522 4179 a

353 4260 467 4306 nostro
483 4237 661 4327 praedilecta
675 4261 825 4326 persona,
839 4257 975 4306 venetns
989 4258 1098 4320 nauta,
1112 4240 1254 4328 primurn
1271 4236 1520 4305 introducitur&

357 4431 568 4445 ——n—-

394 4568 416 4606 1.
439 4551 563 4605 Belisario
582 4551 685 4621 (1733),
710 4549 826 4604 Griscldo
844 4551 948 4621 (1735),
972 4550 1109 4605 Rosmonda
1127 4550 1232 4620 (1735),
1256 4549 1365 4604 Rinaldo
1394 4549 1423 4602 di
1447 4547 1523 4602 Mon-

356 4638 456 4691 talbuno
468 4639 573 4710 (1736),
589 4639 683 4692 Enrico
697 4656 725 4692 rc
734 4639 762 4692 di
777 4637 867 4692 Sicilia
882 4639 988 4710 (1737).

392 4767 417 4805 2.
440 4752 465 4804 Il
477 4753 620 4821 gondolr'ara
633 4755 769 4823 vampiano
783 4769 800 4806 o
816 4751 861 4806 Gli
874 4753 963 4824 sdtgni
976 4753 1203 4824 amorosi⁴(1733).
