3600 5682
531 685 833 733 ootnoumurnun
859 685 1063 733 rrnuurnun
1088 685 1227 733 mvrsro.
1423 665 1464 750 67

297 825 408 892 sertim
426 825 533 911 gentis
551 847 633 891 vana
652 823 798 913 superbia
815 825 861 893 illi
881 848 962 913 opus
985 837 1111 893 totum¹
1127 824 1287 914 praestitit,
1308 823 1466 912 istiusque
1511 902 1514 908 Ι

297 947 387 1016 modi
408 948 559 1016 homines
579 946 838 1037 frequentissime
861 951 895 1016 in
917 949 986 1016 aliis
1007 948 1192 1029 comoediis,
1215 966 1252 1013 ut
1277 944 1468 1013 adventiciae

297 1094 455 1161 personae,
474 1071 705 1155 admiscentur,
728 1071 865 1161 exempli
885 1073 986 1161 gratia
1006 1073 1039 1138 in
1065 1071 1231 1139 Obediente
1251 1069 1351 1154 filiae
1376 1069 1465 1158 quod

298 1185 432 1275 quidem
451 1208 526 1252 cum
548 1184 646 1252 flebili
664 1204 809 1254 ceterum
832 1184 937 1258 fabula
961 1208 1030 1253 non
1052 1187 1128 1253 satis
1147 1201 1220 1273 apte
1241 1185 1466 1272 componitur,

298 1309 413 1375 actoris
430 1325 539 1375 tamen
553 1309 687 1396 imagini
701 1331 760 1376 nec
775 1312 898 1396 vigore,
913 1331 973 1376 nec
988 1309 1110 1376 comica
1125 1309 1245 1376 virtute
1259 1304 1437 1374 deficiente.

343 1430 517 1517 Brighella,
533 1429 700 1521 quondam
715 1430 903 1500 Pantalonis
917 1455 1040 1512 servus,
1058 1430 1177 1499 auxilio
1192 1429 1277 1513 filiae,
1291 1452 1362 1520 quae
1374 1429 1471 1500 saltat

298 1553 485 1644 multosque
507 1573 667 1622 amatores
693 1574 725 1622 et
750 1554 939 1643 magnificos
964 1554 1073 1639 habet,
1094 1554 1182 1623 dives
1206 1554 1316 1622 evasit.
1339 1553 1467 1626 Contu-

299 1677 421 1746 bernali
434 1701 494 1746 suo
507 1678 715 1760 Arlecchino,
732 1679 787 1768 qui
800 1680 920 1748 servire
934 1702 1003 1748 non
1017 1678 1147 1760 desivit,
1161 1676 1345 1746 candidiore
1359 1695 1468 1746 osten·

300 1803 422 1873 tatione
442 1801 672 1890 supellectilem
694 1801 837 1872 venditat
862 1803 1050 1892 pretiosam,
1072 1825 1171 1892 quam
1194 1818 1269 1891 post
1288 1800 1389 1868 multa
1412 1801 1468 1868 iti-

299 1947 376 1992 nera
388 1924 514 2009 retulit,
524 1948 560 1993 ac
573 1927 732 2015 praecipue
745 1944 897 2013 argentea
909 1949 996 2010 vasa,
1008 1949 1085 1996 nam
1099 1926 1166 1994 aliis
1182 1948 1251 1994 non
1260 1926 1326 2011 jam
1340 1927 1443 1993 utitur
1456 1949 1465 1994 a

300 2049 410 2118 omnia
423 2047 507 2138 apud
521 2072 598 2118 eum
612 2068 776 2137 argentea,
792 2049 845 2118 vel
859 2073 896 2116 ea
912 2068 1075 2141 quaesunt
1090 2073 1167 2117 usus
1180 2049 1338 2118 vilissimi.
1355 2048 1468 2138 Itaque

301 2171 459 2261 Brighella
480 2173 615 2242 nimiam
638 2172 746 2260 hujus,
770 2174 826 2263 qui
843 2174 902 2241 sibi
923 2196 1096 2241 conservus
1120 2171 1193 2254 fuit,
1219 2170 1468 2240 familiaritatem

301 2297 366 2362 cito
388 2298 559 2385 componit
581 2318 678 2386 seque
702 2322 719 2360 a
741 2297 985 2365 ornatissimum
1007 2295 1307 2386 amplissimumque
1325 2297 1432 2363 virum
1451 2320 1467 2358 »

301 2419 408 2487 vocari
427 2417 528 2505 jubet.
551 2419 622 2507 Ipse
641 2419 778 2507 patriam
798 2418 955 2488 abdicavit
973 2418 1159 2501 dialectum,
1180 2442 1243 2508 qua
1259 2420 1469 2506 Bergomates

304 2541 550 2632 colloquuntur,
565 2562 602 2610 ut
622 2562 723 2626 tusce,
743 2545 941 2633 optimatum
960 2543 1075 2624 modo,
1096 2542 1330 2613 confabuletur.
1355 2543 1394 2612 In
1416 2540 1469 2609 de-

301 2666 445 2733 versorio
459 2666 586 2754 regium
600 2667 775 2754 quemdam
790 2667 960 2750 comitem,
973 2665 1153 2733 Octavium
1167 2665 1316 2748 nomine,
1331 2667 1469 2745 invenit,

302 2790 561 2855 morosissimum
591 2789 771 2872 hominem,
798 2791 850 2862 cui
865 2809 974 2858 tamen
990 2787 1082 2856 valde
1106 2788 1209 2876 placet
1223 2787 1378 2869 saltatrix,
1396 2789 1470 2854 Bri-

301 2909 414 2997 ghellae
437 2910 513 2980 filia.
537 2913 617 2982 Non
641 2931 708 2981 tam
726 2911 844 2981 stultus
868 2913 928 2981 iste
952 2931 1012 2994 est,
1037 2930 1072 2980 ut
1095 2914 1225 2980 incaute
1248 2935 1323 3000 erga
1341 2929 1471 2982 tantum

236 3055 240 3066 ’
301 3035 406 3102 virum
423 3035 461 3106 ab
475 3033 584 3103 officio
601 3056 631 3104 et
649 3035 851 3105 observantia
869 3035 1008 3104 discedat
1026 3059 1061 3104 ac
1081 3055 1202 3103 secreta
1222 3059 1298 3104 cum
1317 3034 1381 3104 filia
1399 3034 1467 3102 col-

301 3155 407 3246 loquia
432 3158 601 3228 disturbet.
627 3159 695 3230 Etsi
719 3158 874 3248 superbus
897 3178 958 3238 est,
981 3159 1024 3226 'de
1044 3160 1178 3247 repulsis
1200 3160 1338 3226 minime
1363 3177 1466 3244 curat,

301 3282 445 3372 quaesibi
463 3282 637 3350 tolerandae
652 3301 749 3368 sunt;
769 3305 821 3350 eas
838 3284 935 3351 etiam
951 3282 1037 3350 velut
1057 3307 1075 3351 a
1094 3282 1240 3350 familiari
1263 3283 1377 3371 accipit
1394 3281 1472 3372 lepi-

302 3405 427 3496 dosque
442 3409 533 3496 jocos
547 3429 616 3476 esse
632 3405 723 3491 dicit,
739 3408 815 3474 talia
828 3406 887 3474 sibi
904 3409 1041 3496 quaestui
1055 3404 1125 3474 fore
1139 3409 1214 3474 satis
1228 3405 1424 3494 intelligens.

593 3714 611 3804 §
630 3737 659 3804 3.
673 3755 717 3766 -
730 3715 780 3784 De
793 3715 996 3804 popularibus
1010 3715 1177 3783 comediis.

349 3952 513 4020 Omnium
531 3970 640 4019 autem
658 3951 930 4041 goldonianarum
946 3952 1195 4036 comoediarum,
1213 3976 1257 4020 eae
1277 3953 1471 4038 attentione,

304 4095 339 4142 ut
363 4077 493 4164 opinor,
514 4075 709 4162 dignissimae
732 4094 808 4144 sunt
831 4076 946 4167 quibus
970 4077 1139 4166 populares
1163 4099 1271 4144 mores
1291 4078 1473 4145 retractavit

304 4201 454 4286 scriptor,
475 4201 598 4288 optime
621 4199 752 4289 quidem
775 4200 835 4268 sibi
856 4219 967 4285 notos,
989 4201 1057 4289 qui,
1079 4200 1158 4268 dum
1178 4199 1376 4284 adulescens,
1399 4224 1474 4267 cum

305 4322 396 4411 plebe
420 4323 454 4390 in
476 4321 638 4409 Chioggia
659 4322 762 4390 insula
782 4323 978 4391 familiariter
992 4323 1135 4391 vixisset.
1148 4322 1245 4390 'Adde
1259 4323 1347 4412 quod
1360 4322 1475 4410 hujus-

305 4443 395 4511 modi
419 4444 533 4513 fabulae
547 4462 742 4535 spectatores
758 4449 1016 4537 quammaxime
1035 4446 1214 4515 alliciebant
1232 4449 1475 4538 maximumque

344 4709 366 4748 1.
387 4693 567 4764 L’impresario
581 4693 645 4748 delle
658 4693 767 4752 Smirne.

341 4805 365 4843 2,
387 4791 425 4843 La
435 4789 513 4861 figlia
526 4791 676 4850 obhediente.
