3600 5682
601 638 773 695 QUANTUM
798 639 843 685 AD
867 640 967 685 Motus
991 637 1171 685 PERTINET.
1427 638 1466 704 43

304 777 486 862 ostendisti,
502 775 614 846 eadem
633 799 762 846 necesse
784 795 832 845 est
846 775 988 844 scaenicis
1004 774 1087 843 ludis
1101 774 1194 844 adsit.
1212 775 1337 864 Majore
1355 798 1431 844 cura
1444 776 1471 843 si

303 899 493 986 servabitur,
509 902 585 970 vitia
599 901 625 968 si
647 898 909 984 damnabuntur;
918 898 1053 967 ridiculo
1068 899 1094 966 si
1112 899 1264 968 homines
1278 899 1318 968 de
1338 899 1471 969 meliore

303 1025 431 1095 vivendi
454 1024 568 1111 modo,
589 1024 685 1094 illaesa
705 1027 840 1110 virtute,
867 1024 1102 1110 monebuntur‚
1126 1047 1225 1094 nemo
1246 1045 1315 1094 tam
1340 1047 1469 1093 severus

304 1152 375 1233 erit,
390 1152 447 1241 qui
462 1152 619 1241 principes
636 1151 785 1220 hortetur
799 1170 836 1219 ut
852 1150 975 1220 theatra
989 1149 1151 1233 aboleant,
1167 1173 1203 1218 ac
1219 1152 1275 1242 qui
1290 1151 1470 1219 sacerrimis

305 1277 466 1366 mysteriis
480 1292 676 1366 spectatores
691 1274 870 1366 prohibeat.

349 1427 365 1466 α
387 1399 450 1469 Sed
470 1423 538 1469 non
552 1401 627 1469 satis
646 1400 778 1492 quidem
794 1419 840 1468 est
860 1417 891 1468 te
911 1418 979 1469 arte
998 1418 1095 1491 atque
1114 1399 1239 1468 ratione
1258 1401 1387 1468 vincere
1394 1427 1405 1485 ;
1422 1401 1471 1468 vi·

304 1525 440 1594 tandum
459 1526 547 1594 enim
568 1548 610 1594 ne
626 1549 643 1594 a
658 1525 864 1615 rigidioribus
884 1526 958 1594 viris
973 1542 1158 1615 opponatur
1172 1547 1268 1616 quam
1288 1522 1415 1594 difficile
1430 1526 1471 1592 sit

304 1673 372 1718 tem
388 1650 428 1718 ad
443 1649 595 1719 effectum
609 1649 745 1721 ducere:
762 1648 844 1718 bene
859 1669 1024 1720 moratum
1043 1651 1206 1719 theatrum
1225 1651 1322 1718 inane
1341 1667 1471 1718 tantum

305 1773 423 1866 aliquid
448 1797 533 1857 esse,
559 1797 663 1866 neque
692 1777 895 1844 honestatem
923 1797 1000 1843 cum
1026 1797 1130 1842 scaena
1144 1796 1336 1862 congruere
1363 1796 1470 1863 posse,

303 1918 427 1968 certum
450 1922 518 1966 esse
547 1899 722 1989 piaculum,
747 1899 990 1990 periculumque
1019 1896 1239 1968 manifestum.
1272 1897 1469 1988 Exemplum

303 2026 369 2115 ipse
401 2023 560 2107 decentis,
591 2021 770 2109 emendati,
801 2023 937 2114 legitimi
966 2026 1136 2114 gravisque
1170 2021 1322 2091 cothurni
1357 2020 1471 2091 dedisti

304 2149 454 2240 idemque
475 2147 570 2239 lepidi
591 2150 689 2233 socci,
711 2167 837 2217 etcum
859 2147 952 2217 nobis
971 2150 1126 2238 cujusque
1148 2148 1358 2216 scaenicorum
1380 2145 1471 2215 ludo·

304 2297 377 2343 rum
391 2274 522 2363 generis,
533 2272 723 2342 imitandam
737 2275 912 2362 imaginem
927 2272 1095 2362 praeberes,
1108 2271 1216 2341 deesse
1231 2290 1360 2341 tanturn
1375 2273 1472 2361 scrip-

306 2416 391 2467 tores
412 2397 643 2483 intelleximus,
666 2399 721 2488 qui
744 2416 798 2466 tua
819 2399 952 2487 vestigia
968 2399 1059 2488 sequi
1078 2397 1219 2465 valerent
1224 2447 1291 2466 .....
1315 2397 1384 2479 Qui
1403 2397 1472 2464 sine

304 2523 543 2591 intermissione
560 2521 599 2590 de
620 2521 747 2591 theatro
767 2521 985 2606 declamitant,
1006 2544 1172 2611 nunquam
1188 2521 1343 2589 nimirum
1361 2522 1470 2589 Mero-

301 2661 359 2737 pen
374 2647 540 2735 legerunt3
559 2647 689 2737 quodsi
708 2647 772 2716 hoc
790 2648 870 2716 mita
885 2666 952 2715 arte
970 2646 1170 2715 elaboratum
1188 2669 1270 2735 opus
1287 2647 1467 2728 novissent,

305 2792 359 2842 aut
379 2790 534 2856 tacerent,
558 2790 613 2840 aut
632 2772 746 2840 saltem
764 2772 1034 2862 vituperationem
1054 2772 1122 2839 istis
1137 2789 1314 2855 servarent,
1333 2771 1389 2860 qui
1408 2771 1468 2854 mi·¹

306 2899 393 2965 nime
408 2916 520 2966 curant
538 2914 575 2963 ut
588 2915 619 2964 te
634 2897 815 2965 imitentur.

348 3049 365 3086 a
382 3023 507 3112 Viginti
522 3019 638 3089 abhinc
652 3021 757 3105 annis,
774 3022 982 3090 scaenicamm
1005 3043 1113 3088 rerum
1134 3019 1242 3090 studio
1265 3037 1386 3109 raptus,
1409 3043 1468 3088 co-

305 3145 422 3215 moedis
434 3145 632 3214 familiariter
645 3147 693 3214 uti
713 3145 831 3236 incepi,
849 3167 932 3237 quos
951 3146 1117 3234 utriusque
1132 3168 1225 3214 sexus
1243 3166 1334 3235 paene
1353 3165 1469 3212 omnes

305 3272 392 3339 novi.
409 3271 498 3340 Inter
514 3293 569 3339 eos
585 3269 718 3361 quidem
731 3289 764 3338 et
779 3269 914 3339 feminas
929 3294 1042 3359 parum
1059 3289 1157 3340 castas
1174 3288 1206 3339 et
1222 3270 1381 3358 corruptis
1397 3291 1468 3338 mo·

305 3394 390 3464 ribus
404 3397 491 3464 viros
506 3395 616 3464 inveni
625 3419 635 3480 ;
651 3394 763 3463 eadem
778 3412 886 3464 tamen
900 3396 977 3463 vitia
991 3394 1074 3485 apud
1095 3412 1220 3463 ceteros
1240 3393 1372 3462 diversae
1391 3416 1468 3462 con·
1553 3483 1556 3488 Ι

304 3519 435 3588 ditionis
462 3521 560 3589 etiam
587 3521 764 3610 reperias...
793 3521 1051 3589 Honestissimos
1073 3537 1182 3588 autem
1210 3519 1360 3588 homines
1386 3519 1469 3586 hanc

303 3664 405 3714 artem
426 3642 587 3735 professos
601 3647 745 3736 comperi
766 3664 928 3736 tantaeque
948 3643 1109 3735 pudicitiae
1130 3643 1278 3712 mulieres
1297 3661 1335 3725 ,ut
1352 3643 1402 3712 vel
1416 3666 1469 3712 se-

304 3771 514 3840 cretissimam
532 3771 634 3840 vitam
653 3769 821 3857 agentibus
839 3769 998 3860 pudorem
1012 3767 1172 3838 afferrent.
1189 3769 1268 3837 Non
1283 3769 1468 3857 negaverim

303 3895 537 3985 spectatoribus
564 3896 596 3962 in
625 3895 751 3964 theatro
778 3892 983 3964 occultorum
1013 3916 1171 3976 amorum,
1190 3893 1375 3962 occasiones
1402 3892 1468 3960 fre-

304 4038 440 4111 quenter
454 4021 558 4106 nasci;
573 4019 658 4088 idem
673 4038 782 4088 autem
796 4018 832 4088 fit
847 4020 879 4086 in
895 4018 1121 4101 conventibus,
1138 4020 1217 4100 ruri,
1232 4036 1328 4108 atque
1342 4019 1376 4085 in
1390 4018 1470 4086 locis

302 4147 377 4235 ipsis
392 4147 570 4214 sacerrimis
586 4165 617 4214 et
634 4148 772 4214 maxima
789 4148 996 4214 veneratione
1010 4145 1125 4232 dignis.
1148 4145 1263 4211 Dicere
1277 4144 1381 4210 immo
1397 4165 1465 4211 non

303 4269 513 4340 dubitaverim
534 4271 628 4338 rebus
648 4273 724 4339 actis
744 4289 906 4339 attentum
927 4271 1064 4338 amantis
1079 4271 1225 4336 animum
1246 4268 1467 4358 aproposito¹

304 4417 386 4485 saepe
406 4393 571 4477 deterreri,
595 4419 669 4462 cum
691 4397 758 4464 aliis
780 4395 858 4464 locis
874 4414 949 4476 tota
972 4393 1055 4461 illius
1079 4417 1154 4461 cura
1175 4396 1208 4460 in
1232 4391 1365 4460 domina
1387 4391 1468 4460 defi-

305 4781 389 4846 simis,
406 4779 508 4836 dixerit.
526 4780 566 4832 De
578 4787 633 4833 urle
645 4780 759 4836 amandi.
777 4781 843 4860 Lib:
854 4781 873 4836 Ι,
