3588 5680
315 679 376 728 100
484 677 528 723 DE
553 673 734 722 GOLDONIO
760 671 902 720 t‘rntlcle
926 671 1046 720 SCAENAE
1070 669 1310 720 CORRECTORE.

311 815 452 884 consiliis
473 815 581 883 intimi
607 814 699 882 omni
720 834 783 900 ope
802 812 863 878 eris
886 808 1137 896 auxiliabantur;
1164 808 1327 878 comoedia
1349 808 1480 877 tandem

310 940 432 1031 plebeia
446 937 560 1008 iisdem
574 937 720 1027 personis
733 958 789 1005 usa
799 953 880 1017 erat,
893 935 1010 1026 quibus
1019 931 1255 1016 Truffaldinus‚
1267 933 1480 1001 Arlecchinus

311 1081 367 1132 aut
380 1062 545 1152 Trappola
563 1083 699 1144 nomen,
718 1077 750 1129 et
769 1061 824 1149 qui
844 1059 998 1149 Scapinos
1015 1055 1147 1146 gallicos
1167 1055 1259 1126 lineis
1280 1056 1375 1124 rectis
1396 1055 1480 1124 filios

312 1187 506 1256 habuerunt.

357 1308 614 1400 Goldoniusqui,
625 1324 662 1375 ut
673 1305 1090 1396 supradictum,corrigere,
1103 1326 1209 1396 neque
1219 1303 1348 1374 abolere
1357 1323 1480 1406 entem-

310 1434 453 1523 poralem
468 1432 664 1502 comoediam
679 1428 878 1512 intendebat,
894 1429 976 1498 hanc
989 1450 1163 1518 personam
1183 1428 1242 1497 sibi
1264 1425 1362 1498 etiarn
1377 1427 1480 1495 vindi-

312 1559 414 1626 cavit:
432 1558 514 1625 servi
527 1555 566 1623 ab
586 1553 640 1624 illo
661 1556 695 1621 in
710 1576 847 1621 scaenam
867 1551 1017 1642 producti
1032 1551 1070 1619 ad
1095 1552 1162 1621 duo
1177 1552 1349 1642 archetypa
1371 1551 1480 1620 referri

311 1705 404 1770 posse
419 1680 580 1762 videntur,
596 1701 737 1768 quorum
751 1699 819 1745 non
834 1676 944 1744 eadem
959 1699 1085 1765 semper
1100 1677 1248 1762 nomina,
1269 1676 1325 1744 sed
1340 1675 1477 1759 indoles,

312 1803 401 1892 quod
423 1804 457 1871 in
478 1825 512 1871 re
531 1819 578 1870 est
599 1803 808 1891 praecipuum,
823 1821 986 1869 constans.
1008 1799 1220 1868 Arlecchinus
1243 1819 1275 1868 et
1300 1797 1475 1889 Brighella‚

313 1926 411 1995 ambo
435 1919 660 2014 Bergomates,
687 1924 782 1993 natali
807 1924 944 1993 dialecto
969 1946 1037 1992 non
1056 1923 1180 1992 desueti
1195 1943 1288 2011 sunt3
1305 1923 1378 2007 sed,
1403 1922 1479 1989 dum

313 2051 401 2140 prior
415 2049 539 2131 tardus,
557 2050 706 2131 obtusus,
724 2047 831 2117 helluo
851 2066 947 2142 atque
961 2050 1167 2139 pigerrimus,
1184 2049 1276 2133 alter,
1297 2069 1481 2139 quanquam

313 2172 427 2241 iisdem
451 2172 576 2242 deditus
604 2174 706 2255 vitiis,
732 2191 892 2240 emunctae
920 2173 1005 2240 naris
1033 2189 1093 2241 est.
1119 2171 1328 2241 Arlecchinus
1351 2170 1481 2262 quidem

313 2297 476 2386 gregarios
490 2297 575 2363 inter
594 2318 703 2363 servos
722 2313 921 2378 numeratur,
945 2295 1105 2386 Brighella
1124 2318 1215 2380 vero,
1237 2294 1428 2386 plerumque
1447 2295 1480 2362 in

313 2419 432 2488 familia
460 2421 616 2508 majorem
639 2418 777 2508 gradum
799 2437 932 2505 tenens,
959 2442 1197 2512 nonnunquam
1225 2421 1270 2487 rei
1299 2418 1483 2488 domesticae

313 2544 530 2634 procuratoris
543 2561 729 2635 quaestuoso
743 2567 879 2612 munere
894 2533 1052 2634 fungitur.
1075 2531 1079 2538 ⁶

355 2668 394 2735 In
416 2667 543 2750 fabulis,
560 2693 632 2759 quae
657 2668 696 2736 ad
720 2668 868 2738 militiam
890 2686 1036 2759 spectant
1046 2681 1068 2751 ¹,
1092 2665 1253 2758 Brighella
1270 2665 1307 2735 fit
1323 2667 1481 2751 decanus,

310 2791 389 2861 dum
414 2791 623 2861 Arlecchinus
647 2793 804 2862 militibus
827 2791 942 2861 cibaria
965 2792 1097 2875 vendit,
1118 2812 1173 2861 aut
1197 2769 1375 2861 tirunculus
1398 2814 1481 2861 con-

308 2916 445 3004 scriptus
460 2935 520 2985 est.
539 2917 624 2984 Huic
640 2917 786 2986 scurriles
806 2920 868 3007 joci
893 2917 1085 3002 obveniunt,
1103 2918 1159 3008 qui
1184 2916 1412 3007 extemporalis
1426 2940 1479 2985 co·

270 3069 273 3074 ·
309 3037 439 3106 moediae
460 3038 556 3106 verba
580 3041 742 3122 recinunt,
768 3063 855 3124 curn,
880 3040 1017 3131 exempli
1038 3041 1152 3128 gratia,
1176 3041 1312 3108 nomina
1336 3041 1478 3122 mutilat,

307 3180 363 3230 aut
386 3185 459 3252 quae
482 3163 546 3231 sint
568 3186 714 3254 personae
732 3165 860 3254 ignorat
880 3183 924 3248 et,
948 3166 1128 3233 litterarum
1150 3166 1289 3246 nescius,
1311 3165 1402 3233 alteri
1423 3164 1477 3234 dat

307 3285 476 3376 epistolam
499 3311 570 3379 quae
590 3287 719 3356 alterius
743 3305 801 3356 est.
829 3289 988 3372 Quamvis
1009 3295 1118 3357 auter'n
1139 3289 1180 3356 sit
1202 3287 1470 3378 simplicissimus,

307 3432 413 3492 erum,
438 3432 598 3501 quantum
621 3413 722 3497 valet,
749 3412 934 3482 defraudare
958 3432 1107 3495 conatur,
1134 3412 1272 3481 stultitia
1296 3434 1375 3481 vero
1401 3435 1478 3502 pro·

306 3532 422 3602 ditus².

350 3657 537 3727 Istiusmodi
546 3658 671 3727 fraudes
684 3659 792 3727 moliri
802 3658 995 3748 dedignatur
1006 3657 1167 3747 Brighella
1179 3682 1278 3750 seque
1291 3659 1477 3747 probiorem

305 3778 493 3865 arbitratur,
512 3783 601 3874 quod
622 3786 744 3872 majora
763 3782 848 3851 furta
871 3785 996 3873 quaerit.
1027 3808 1043 3846 a
1067 3781 1220 3871 Prodigi³
1248 3810 1263 3849 u
1288 3803 1479 3872 procurator

306 3906 434 3994 opimos
454 3925 608 3995 quaestus,
623 3906 761 3996 spoliato
778 3931 847 3990 ero,
868 3908 1004 3997 aggerit,
1022 3904 1089 3989 sed,
1107 3929 1182 3973 curn
1197 3906 1316 3974 litteras
1334 3907 1475 3991 noverit,

305 4027 465 4118 subreptae
493 4031 636 4118 pecuniae
663 4054 826 4100 summam
857 4032 892 4098 in
921 4031 1083 4100 rationem
1111 4028 1236 4098 inducit
1272 4029 1478 4120 callidiusque

304 4153 468 4242 compilat.
482 4153 570 4221 Cum
585 4176 713 4222 necesse
728 4172 789 4237 est,
802 4173 836 4222 ut
852 4177 908 4222 ero
919 4156 1023 4223 Musis
1036 4153 1218 4242 indulgenti
1233 4133 1368 4240 placeat,
1381 4172 1477 4243 poeta

305 4277 401 4344 etiam
422 4275 493 4344 litt.
517 4278 618 4363 Bene,
635 4301 704 4346 non
725 4278 880 4363 multum,
897 4278 990 4348 edere
1012 4297 1118 4364 arnat;
1135 4279 1169 4344 in
1194 4276 1295 4346 domo
1317 4277 1388 4346 erili
1411 4297 1475 4346 tam

342 4515 365 4555 1.
386 4500 425 4553 La
437 4517 543 4571 guerra,
556 4501 687 4555 L'umanta
704 4501 827 4565 militare,
843 4503 1015 4576 l'impostorc.

341 4610 366 4651 2.
387 4595 448 4653 Vid,
466 4599 504 4651 La
519 4598 598 4652 banca
612 4605 687 4655 totta.
700 4600 760 4656 Act.
778 4600 825 4666 111,
843 4617 879 4656 sc.
901 4618 923 4656 1.

344 4708 366 4760 3.
388 4692 414 4746 ΙΙ
423 4694 541 4765 prodigo.

340 4802 366 4853 4,
389 4788 414 4840 Il
424 4797 497 4860 pocta
506 4791 634 4860 fanatico.
