3600 5682
350 616 392 702 46
530 633 575 680 DE
600 631 782 679 GOLDONIO
809 630 949 679 trauca*
974 633 1095 680 SCAENAE
1118 631 1344 681 CORRECTORE

351 793 453 838 scaena
468 770 623 860 nulloque
636 769 735 837 verbo
746 791 763 836 a
774 766 902 837 feminis
916 792 1060 861 unquam
1074 770 1233 839 violatum
1248 766 1406 859 pudorem
1421 771 1517 857 signi-

350 894 473 962 ficatur.
498 894 635 978 Contra,
651 915 727 961 curn
741 895 834 983 justae
850 895 970 985 nuptiae
984 892 1115 966 fuerunt
1132 893 1317 985 foederaque
1334 911 1431 984 certa,
1450 918 1516 963 ma·

349 1023 453 1108 jorem
474 1016 558 1087 forte
580 1017 775 1088 modestiam
796 1017 967 1104 desideres,
989 1041 1066 1088 nam
1086 1017 1251 1088 interdum
1274 1018 1403 1109 longius
1422 1020 1455 1086 in
1478 1043 1516 1088 eo

349 1161 573 1212 commoratur
586 1143 723 1233 scriptor
738 1140 827 1233 quod
842 1142 880 1210 ad
897 1144 1074 1232 conjugum
1089 1143 1158 1232 jura
1170 1160 1303 1234 spectat.

395 1392 463 1476 Qui
491 1415 546 1483 per
576 1392 700 1461 Italiam
729 1391 856 1460 decimo
885 1412 1001 1462 octavo
1026 1394 1143 1462 saeculo
1171 1396 1232 1462 iter
1254 1392 1425 1477 faciebant,
1448 1417 1516 1464 rem

350 1516 524 1607 quamdam
546 1515 737 1606 peculiarem
759 1537 790 1585 et
815 1517 889 1586 huic
910 1518 1035 1607 regioni
1058 1520 1220 1610 propriam
1242 1520 1402 1610 peregrini
1417 1521 1516 1589 mita-

349 1640 467 1710 bantur
475 1669 484 1727 ;
509 1641 549 1710 de
572 1668 589 1705 a
608 1641 734 1710 cicisbei
754 1667 770 1706 s
795 1643 885 1734 loqui
908 1643 1055 1714 intendo.
1074 1643 1176 1726 Quod
1196 1644 1234 1712 ab
1255 1646 1408 1735 Hispanis
1428 1646 1516 1714 insti-

351 1784 459 1835 tutum
474 1766 604 1837 dicunt¹
624 1791 631 1835 :
656 1766 842 1836 mirandum
861 1766 1006 1858 quidem,
1027 1789 1098 1836 eam
1116 1787 1262 1855 gentem,
1283 1793 1357 1860 quae
1375 1771 1409 1838 in
1427 1792 1516 1837 amo-

350 1892 436 1961 ribus
453 1915 527 1961 vere
545 1892 736 1963 orientalem
758 1891 950 1982 zelotypiam
970 1892 1167 1977 ostenderet,
1188 1895 1223 1962 in
1242 1893 1368 1963 Italiam
1387 1895 1517 1964 vivendi

350 2016 487 2085 modum
501 2017 646 2086 intulisse
660 2040 727 2108 quo
744 2018 943 2086 matrimonii
957 2017 1123 2087 vinculum
1137 2042 1228 2109 paene
1243 2020 1382 2088 omnino
1398 2018 1517 2088 relaxa·

351 2160 457 2227 retur3
474 2142 530 2210 sed
544 2165 612 2212 non
622 2141 879 2211 obliviscendum
888 2143 1119 2212 validissimum
1131 2145 1354 2234 Hispanorum
1365 2143 1515 2214 affectum

351 2290 417 2334 esse
448 2267 647 2356 superbiam,
673 2291 760 2358 quae,
786 2267 978 2358 zelotypiam
1003 2292 1188 2360 quanquam
1213 2269 1403 2361 plerumque
1425 2294 1516 2338 exas-

350 2411 454 2481 perat,
481 2390 628 2460 eamdem
656 2415 893 2484 nonnunquam
922 2395 1120 2484 comprimit.
1148 2395 1262 2488 ltaque
1287 2395 1339 2464 hic
1364 2395 1514 2486 populus,

350 2517 405 2608 qui
425 2520 528 2607 capite
544 2519 646 2586 sanxit
667 2519 842 2610 quominus
859 2545 875 2583 u
892 2519 1002 2607 regina
1022 2537 1253 2608 tangeretur»,
1270 2543 1339 2589 non
1357 2522 1516 2609 regiarum

350 2660 479 2711 tantum
503 2666 658 2728 uxorum,
683 2642 738 2710 sed
761 2661 791 2711 et
815 2640 917 2711 nobili
939 2643 1014 2712 loco
1038 2662 1183 2713 ortarum
1205 2642 1301 2713 decus
1323 2644 1516 2714 servandum

351 2768 509 2854 armigero
533 2767 660 2835 cuidam
679 2766 730 2836 vel
751 2768 850 2858 equiti
870 2767 987 2850 voluit,
1009 2769 1064 2859 qui
1087 2768 1267 2853 dominam,
1294 2772 1360 2838 sive
1379 2793 1455 2838 cum
1477 2769 1515 2838 ad

350 2889 509 2980 templum
530 2889 610 2976 ibat,
629 2892 693 2958 sive
716 2895 750 2959 in
768 2891 999 2976 ambulatione,
1023 2894 1250 2978 comitabatur,
1274 2914 1310 2963 ut
1329 2897 1517 2963 temerarios

350 3034 508 3084 amatores
523 3036 717 3085 removeret.
734 3015 928 3108 Plerumque
941 3019 1065 3088 satelles
1082 3019 1182 3089 nobili
1197 3021 1294 3110 stirpe
1306 3040 1410 3106 ortus,
1422 3043 1517 3110 gran·

350 3141 448 3211 dioris
476 3142 578 3210 aetatis
604 3140 787 3210 commodis
817 3142 942 3210 carebat
968 3161 1000 3212 et
1027 3143 1110 3234 apud
1136 3163 1312 3236 patronum
1336 3145 1516 3234 sportulam

350 3265 505 3351 merebat,
520 3265 807 3357 intelligebantque
825 3269 943 3336 marito
967 3271 1104 3372 summis
1124 3271 1262 3360 negotiis
1282 3289 1417 3339 onerato
1436 3288 1518 3338 tem·

349 3415 408 3483 pus
423 3391 533 3460 deesse
548 3410 583 3460 ut
599 3395 666 3482 ipse
681 3416 817 3462 uxorem
834 3393 1021 3463 custodiret.

393 3515 510 3585 Talem
531 3519 564 3585 in
585 3516 710 3585 Italiam
725 3519 939 3608 importatum
954 3541 1082 3587 motem
1095 3520 1214 3588 imitari
1226 3518 1419 3588 festinarunt
1433 3518 1516 3588 indi·

348 3665 451 3730 genae.
469 3641 642 3711 Mediocris
657 3661 766 3711 autem
782 3643 977 3712 conditionis
998 3645 1094 3729 cives,
1110 3663 1239 3713 tantum
1255 3662 1422 3735 sumptum
1443 3668 1517 3712 cum

347 3766 429 3836 ferre
450 3769 634 3858 nequirent,
655 3771 776 3837 mutuis
790 3792 865 3857 erga
884 3793 917 3837 se
932 3769 1045 3838 officiis
1065 3769 1294 3858 fungebantur.
1316 3797 1332 3835 «
1349 3769 1518 3840 Medicus²

349 3892 561 3978 causidicum,
576 3892 768 3961 familiarem
788 3917 897 3980 suurn,
918 3894 1051 3985 rogabat
1073 3914 1108 3963 ut
1128 3896 1161 3962 in
1180 3894 1290 3965 forum
1311 3918 1448 3965 uxorem
1464 3918 1518 3962 co-

349 4019 530 4103 mitaretur,
548 4015 627 4085 dum
642 4019 708 4108 ipse
725 4018 874 4087 causidici
888 4022 1064 4110 conjugem
1079 4018 1260 4088 deduceret.
1279 4021 1418 4102 Genuae,
1434 4017 1517 4110 apud

348 4143 516 4232 patricios,
546 4143 579 4210 in
608 4139 708 4211 dotali
737 4144 957 4212 instrumento
985 4142 1085 4212 futuri
1118 4145 1327 4213 «servientis
1358 4145 1514 4236 equitis»

387 4445 408 4484 ι,
430 4427 486 4482 ΑΙίὶ
510 4425 606 4482 volunt
625 4427 697 4481 hunc
715 4444 794 4481 usum
813 4429 903 4499 primo
926 4427 1028 4482 Genuae
1052 4439 1152 4494 ortum,
1175 4428 1220 4481 ubi
1241 4429 1341 4495 mariti,
1363 4446 1425 4506 cunt
1450 4446 1519 4483 mer·

349 4527 452 4570 caturas
472 4514 586 4569 faciendi
606 4532 685 4569 causa
703 4532 772 4588 saepe
794 4516 959 4588 peregrinari
978 4527 1146 4588 cogerentur,
1170 4517 1259 4570 antico
1279 4517 1385 4571 cuidam
1405 4527 1517 4592 ursonem

350 4606 452 4659 interea
466 4605 670 4660 custodiendam
685 4606 895 4678 committerent.

388 4736 414 4778 2.
435 4719 574 4787 Stendhal,
593 4720 638 4774 Via
654 4719 684 4773 de
702 4719 841 4792 Nupole'on,
863 4720 941 4790 chap.
958 4721 1025 4788 VII;
1048 4721 1133 4786 Roma,
1154 4693 1249 4794 Naples
1263 4728 1286 4775 ct
1299 4599 1541 4900 Florem&

352 4811 466 4866 monades
479 4810 541 4866 dans
555 4811 639 4877 Rome,
655 4810 763 4881 passini.

1538 5062 1549 5100 Ι

1490 5104 1538 5369 ‚l

1474 5377 1507 5642 l
