<?xml version="1.0" encoding="UTF-8"?>
<!DOCTYPE html PUBLIC "-//W3C//DTD XHTML 1.0 Transitional//EN"
    "http://www.w3.org/TR/xhtml1/DTD/xhtml1-transitional.dtd">
<html xmlns="http://www.w3.org/1999/xhtml" xml:lang="en" lang="en">
 <head>
  <title>
</title>
<meta http-equiv="Content-Type" content="text/html;charset=utf-8" />
  <meta name='ocr-system' content='tesseract 3.04.00' />
  <meta name='ocr-capabilities' content='ocr_page ocr_carea ocr_par ocr_line ocrx_word'/>
</head>
<body>
  <div class='ocr_page' id='page_1' title='image "./degoldonioitali00rabagoog_0092.png"; bbox 0 0 3588 5680; ppageno 0'>
   <div class='ocr_carea' id='block_1_1' title="bbox 472 671 1405 737">
    <p class='ocr_par' dir='ltr' id='par_1_1' title="bbox 472 671 1405 737">
     <span class='ocr_line' id='line_1_1' title="bbox 472 671 1405 737; baseline -0.004 -19"><span class='ocrx_word' id='word_1_1' title='bbox 472 672 774 720; x_wconf 80' lang='lat' dir='ltr'>GOLDONIANARUM</span> <span class='ocrx_word' id='word_1_2' title='bbox 800 672 1004 718; x_wconf 65' lang='lat' dir='ltr'>fundannum</span> <span class='ocrx_word' id='word_1_3' title='bbox 1029 671 1171 717; x_wconf 87' lang='lat' dir='ltr'>DIVISIO.</span> <span class='ocrx_word' id='word_1_4' title='bbox 1363 671 1405 737; x_wconf 81' lang='lat'>77</span> 
     </span>
    </p>
   </div>
   <div class='ocr_carea' id='block_1_2' title="bbox 235 808 1411 1762">
    <p class='ocr_par' dir='ltr' id='par_1_2' title="bbox 235 808 1411 1492">
     <span class='ocr_line' id='line_1_2' title="bbox 237 808 1410 900; baseline 0 -25"><span class='ocrx_word' id='word_1_5' title='bbox 237 826 312 890; x_wconf 92' lang='lat' dir='ltr'>stat,</span> <span class='ocrx_word' id='word_1_6' title='bbox 324 809 532 900; x_wconf 87' lang='lat' dir='ltr'>versibusque</span> <span class='ocrx_word' id='word_1_7' title='bbox 547 827 660 877; x_wconf 89' lang='lat' dir='ltr'>contra</span> <span class='ocrx_word' id='word_1_8' title='bbox 675 811 778 878; x_wconf 86' lang='lat' dir='ltr'>nostri</span> <span class='ocrx_word' id='word_1_9' title='bbox 793 809 1064 877; x_wconf 87' lang='lat' dir='ltr'>consuetudinem</span> <span class='ocrx_word' id='word_1_10' title='bbox 1081 811 1196 896; x_wconf 89' lang='lat' dir='ltr'>scripta</span> <span class='ocrx_word' id='word_1_11' title='bbox 1213 827 1272 877; x_wconf 90' lang='lat' dir='ltr'>est.</span> <span class='ocrx_word' id='word_1_12' title='bbox 1287 808 1410 876; x_wconf 91' lang='lat' dir='ltr'>Orien-</span> 
     </span>
     <span class='ocr_line' id='line_1_3' title="bbox 238 911 1409 1000; baseline 0 -3"><span class='ocrx_word' id='word_1_13' title='bbox 238 933 277 997; x_wconf 91' lang='lat' dir='ltr'>tis</span> <span class='ocrx_word' id='word_1_14' title='bbox 296 934 395 998; x_wconf 91' lang='lat' dir='ltr'>etiam</span> <span class='ocrx_word' id='word_1_15' title='bbox 414 932 577 999; x_wconf 92' lang='lat' dir='ltr'>coloribus</span> <span class='ocrx_word' id='word_1_16' title='bbox 596 911 716 999; x_wconf 85' lang='lat' dir='ltr'>variare</span> <span class='ocrx_word' id='word_1_17' title='bbox 734 931 875 998; x_wconf 85' lang='lat' dir='ltr'>fabulam</span> <span class='ocrx_word' id='word_1_18' title='bbox 895 935 1031 1000; x_wconf 83' lang='lat' dir='ltr'>tentavit</span> <span class='ocrx_word' id='word_1_19' title='bbox 1052 931 1238 1000; x_wconf 90' lang='lat' dir='ltr'>Goldonius</span> <span class='ocrx_word' id='word_1_20' title='bbox 1259 951 1291 999; x_wconf 91' lang='lat' dir='ltr'>et</span> <span class='ocrx_word' id='word_1_21' title='bbox 1312 950 1409 998; x_wconf 91' lang='lat' dir='ltr'>cantu</span> 
     </span>
     <span class='ocr_line' id='line_1_4' title="bbox 237 1053 1411 1144; baseline 0.002 -24"><span class='ocrx_word' id='word_1_22' title='bbox 237 1077 273 1120; x_wconf 91' lang='lat' dir='ltr'>ac</span> <span class='ocrx_word' id='word_1_23' title='bbox 288 1053 462 1142; x_wconf 89' lang='lat' dir='ltr'>magnifico</span> <span class='ocrx_word' id='word_1_24' title='bbox 477 1075 629 1143; x_wconf 86' lang='lat' dir='ltr'>apparatu</span> <span class='ocrx_word' id='word_1_25' title='bbox 638 1055 871 1144; x_wconf 84' lang='lat' dir='ltr'>spectatoribus</span> <span class='ocrx_word' id='word_1_26' title='bbox 882 1055 1020 1142; x_wconf 82' lang='lat' dir='ltr'>placere;</span> <span class='ocrx_word' id='word_1_27' title='bbox 1034 1057 1161 1123; x_wconf 89' lang='lat' dir='ltr'>asiatica</span> <span class='ocrx_word' id='word_1_28' title='bbox 1170 1075 1279 1122; x_wconf 87' lang='lat' dir='ltr'>autem</span> <span class='ocrx_word' id='word_1_29' title='bbox 1290 1079 1411 1144; x_wconf 92' lang='lat' dir='ltr'>pompa</span> 
     </span>
     <span class='ocr_line' id='line_1_5' title="bbox 237 1177 1409 1267; baseline 0.002 -23"><span class='ocrx_word' id='word_1_30' title='bbox 237 1198 269 1244; x_wconf 91' lang='lat' dir='ltr'>et</span> <span class='ocrx_word' id='word_1_31' title='bbox 284 1201 393 1244; x_wconf 91' lang='lat' dir='ltr'>rerum</span> <span class='ocrx_word' id='word_1_32' title='bbox 407 1179 605 1266; x_wconf 85' lang='lat' dir='ltr'>agendarum</span> <span class='ocrx_word' id='word_1_33' title='bbox 622 1178 767 1246; x_wconf 86' lang='lat' dir='ltr'>obsoleta</span> <span class='ocrx_word' id='word_1_34' title='bbox 784 1179 910 1246; x_wconf 91' lang='lat' dir='ltr'>ratione</span> <span class='ocrx_word' id='word_1_35' title='bbox 924 1179 1079 1260; x_wconf 91' lang='lat' dir='ltr'>abutitur,</span> <span class='ocrx_word' id='word_1_36' title='bbox 1096 1177 1293 1261; x_wconf 90' lang='lat' dir='ltr'>homicidiis,</span> <span class='ocrx_word' id='word_1_37' title='bbox 1308 1178 1409 1267; x_wconf 91' lang='lat' dir='ltr'>fugis,</span> 
     </span>
     <span class='ocr_line' id='line_1_6' title="bbox 235 1301 1410 1390; baseline 0.003 -23"><span class='ocrx_word' id='word_1_38' title='bbox 235 1303 394 1390; x_wconf 91' lang='lat' dir='ltr'>variisque</span> <span class='ocrx_word' id='word_1_39' title='bbox 408 1301 569 1369; x_wconf 89' lang='lat' dir='ltr'>miraculis</span> <span class='ocrx_word' id='word_1_40' title='bbox 586 1301 848 1390; x_wconf 87' lang='lat' dir='ltr'>languescentem</span> <span class='ocrx_word' id='word_1_41' title='bbox 862 1301 1046 1368; x_wconf 88' lang='lat' dir='ltr'>auditorem</span> <span class='ocrx_word' id='word_1_42' title='bbox 1057 1303 1270 1369; x_wconf 84' lang='lat' dir='ltr'>excitaturum</span> <span class='ocrx_word' id='word_1_43' title='bbox 1281 1326 1315 1370; x_wconf 91' lang='lat' dir='ltr'>se</span> <span class='ocrx_word' id='word_1_44' title='bbox 1329 1305 1410 1370; x_wconf 84' lang='lat' dir='ltr'>exis·</span> 
     </span>
     <span class='ocr_line' id='line_1_7' title="bbox 238 1428 369 1492; baseline 0 -1"><span class='ocrx_word' id='word_1_45' title='bbox 238 1428 369 1492; x_wconf 89' lang='lat' dir='ltr'>timaus.</span> 
     </span>
    </p>

    <p class='ocr_par' dir='ltr' id='par_1_3' title="bbox 238 1547 1411 1762">
     <span class='ocr_line' id='line_1_8' title="bbox 282 1547 1410 1639; baseline 0 -23"><span class='ocrx_word' id='word_1_46' title='bbox 282 1548 564 1616; x_wconf 89' lang='lat' dir='ltr'>Goldonianarum</span> <span class='ocrx_word' id='word_1_47' title='bbox 576 1547 771 1631; x_wconf 89' lang='lat' dir='ltr'>fabularum,</span> <span class='ocrx_word' id='word_1_48' title='bbox 788 1572 860 1637; x_wconf 89' lang='lat' dir='ltr'>quae</span> <span class='ocrx_word' id='word_1_49' title='bbox 873 1551 1050 1638; x_wconf 79' lang='lat' dir='ltr'>praesertim</span> <span class='ocrx_word' id='word_1_50' title='bbox 1071 1551 1106 1617; x_wconf 93' lang='lat' dir='ltr'>in</span> <span class='ocrx_word' id='word_1_51' title='bbox 1124 1550 1294 1639; x_wconf 88' lang='lat' dir='ltr'>implicatis</span> <span class='ocrx_word' id='word_1_52' title='bbox 1314 1573 1410 1617; x_wconf 90' lang='lat' dir='ltr'>even-</span> 
     </span>
     <span class='ocr_line' id='line_1_9' title="bbox 238 1673 1411 1762; baseline 0.003 -22"><span class='ocrx_word' id='word_1_53' title='bbox 238 1673 323 1740; x_wconf 91' lang='lat' dir='ltr'>tibus</span> <span class='ocrx_word' id='word_1_54' title='bbox 339 1675 553 1756; x_wconf 91' lang='lat' dir='ltr'>consistunt¹,</span> <span class='ocrx_word' id='word_1_55' title='bbox 570 1675 694 1739; x_wconf 91' lang='lat' dir='ltr'>mentio</span> <span class='ocrx_word' id='word_1_56' title='bbox 708 1675 774 1758; x_wconf 89' lang='lat' dir='ltr'>jam</span> <span class='ocrx_word' id='word_1_57' title='bbox 790 1673 872 1740; x_wconf 82' lang='lat' dir='ltr'>facta</span> <span class='ocrx_word' id='word_1_58' title='bbox 888 1693 957 1755; x_wconf 90' lang='lat' dir='ltr'>est;</span> <span class='ocrx_word' id='word_1_59' title='bbox 977 1674 1153 1762; x_wconf 86' lang='lat' dir='ltr'>permultas</span> <span class='ocrx_word' id='word_1_60' title='bbox 1167 1674 1263 1759; x_wconf 89' lang='lat' dir='ltr'>hujus</span> <span class='ocrx_word' id='word_1_61' title='bbox 1282 1677 1411 1761; x_wconf 88' lang='lat' dir='ltr'>generis</span> 
     </span>
    </p>
   </div>
   <div class='ocr_carea' id='block_1_3' title="bbox 238 1796 1407 1885">
    <p class='ocr_par' dir='ltr' id='par_1_4' title="bbox 238 1796 1407 1885">
     <span class='ocr_line' id='line_1_10' title="bbox 238 1796 1407 1885; baseline 0.003 -22"><span class='ocrx_word' id='word_1_62' title='bbox 238 1797 414 1864; x_wconf 83' lang='lat' dir='ltr'>comoedias</span> <span class='ocrx_word' id='word_1_63' title='bbox 429 1798 566 1885; x_wconf 89' lang='lat' dir='ltr'>scriptor</span> <span class='ocrx_word' id='word_1_64' title='bbox 579 1796 690 1877; x_wconf 90' lang='lat' dir='ltr'>edidit,</span> <span class='ocrx_word' id='word_1_65' title='bbox 701 1820 774 1884; x_wconf 89' lang='lat' dir='ltr'>quae</span> <span class='ocrx_word' id='word_1_66' title='bbox 787 1798 927 1864; x_wconf 84' lang='lat' dir='ltr'>maxime</span> <span class='ocrx_word' id='word_1_67' title='bbox 943 1819 1040 1863; x_wconf 90' lang='lat' dir='ltr'>suum</span> <span class='ocrx_word' id='word_1_68' title='bbox 1054 1798 1222 1885; x_wconf 85' lang='lat' dir='ltr'>ingenium</span> <span class='ocrx_word' id='word_1_69' title='bbox 1237 1797 1407 1866; x_wconf 90' lang='lat' dir='ltr'>decebant.</span> 
     </span>
    </p>
   </div>
   <div class='ocr_carea' id='block_1_4' title="bbox 239 1919 1411 2872">
    <p class='ocr_par' dir='ltr' id='par_1_5' title="bbox 239 1919 1411 2872">
     <span class='ocr_line' id='line_1_11' title="bbox 239 1919 1411 2008; baseline 0.002 -22"><span class='ocrx_word' id='word_1_70' title='bbox 239 1920 450 2008; x_wconf 86' lang='lat' dir='ltr'>Tragoediam</span> <span class='ocrx_word' id='word_1_71' title='bbox 467 1921 589 2008; x_wconf 84' lang='lat' dir='ltr'>ipsam²</span> <span class='ocrx_word' id='word_1_72' title='bbox 608 1943 775 2008; x_wconf 84' lang='lat' dir='ltr'>aggressus</span> <span class='ocrx_word' id='word_1_73' title='bbox 795 1938 857 2002; x_wconf 90' lang='lat' dir='ltr'>est,</span> <span class='ocrx_word' id='word_1_74' title='bbox 872 1919 1052 1986; x_wconf 88' lang='lat' dir='ltr'>tirunculus</span> <span class='ocrx_word' id='word_1_75' title='bbox 1073 1921 1171 1987; x_wconf 91' lang='lat' dir='ltr'>etiam</span> <span class='ocrx_word' id='word_1_76' title='bbox 1188 1939 1259 1988; x_wconf 91' lang='lat' dir='ltr'>tum</span> <span class='ocrx_word' id='word_1_77' title='bbox 1274 1919 1411 1988; x_wconf 90' lang='lat' dir='ltr'>viribus·</span> 
     </span>
     <span class='ocr_line' id='line_1_12' title="bbox 239 2041 1411 2132; baseline 0.002 -22"><span class='ocrx_word' id='word_1_78' title='bbox 239 2067 303 2132; x_wconf 91' lang='lat' dir='ltr'>que</span> <span class='ocrx_word' id='word_1_79' title='bbox 317 2045 382 2110; x_wconf 93' lang='lat' dir='ltr'>suis</span> <span class='ocrx_word' id='word_1_80' title='bbox 401 2045 554 2126; x_wconf 84' lang='lat' dir='ltr'>nintium,</span> <span class='ocrx_word' id='word_1_81' title='bbox 570 2060 606 2109; x_wconf 93' lang='lat' dir='ltr'>ut</span> <span class='ocrx_word' id='word_1_82' title='bbox 619 2043 758 2124; x_wconf 90' lang='lat' dir='ltr'>videtur,</span> <span class='ocrx_word' id='word_1_83' title='bbox 773 2041 887 2109; x_wconf 88' lang='lat' dir='ltr'>fidens.</span> <span class='ocrx_word' id='word_1_84' title='bbox 906 2041 969 2109; x_wconf 90' lang='lat' dir='ltr'>Sed</span> <span class='ocrx_word' id='word_1_85' title='bbox 989 2041 1065 2132; x_wconf 90' lang='lat' dir='ltr'>quid</span> <span class='ocrx_word' id='word_1_86' title='bbox 1085 2044 1217 2131; x_wconf 90' lang='lat' dir='ltr'>prodest</span> <span class='ocrx_word' id='word_1_87' title='bbox 1236 2043 1276 2112; x_wconf 95' lang='lat' dir='ltr'>de</span> <span class='ocrx_word' id='word_1_88' title='bbox 1294 2044 1411 2112; x_wconf 87' lang='lat' dir='ltr'>talibus</span> 
     </span>
     <span class='ocr_line' id='line_1_13' title="bbox 240 2165 1410 2254; baseline 0.005 -24"><span class='ocrx_word' id='word_1_89' title='bbox 240 2165 358 2234; x_wconf 89' lang='lat' dir='ltr'>diutius</span> <span class='ocrx_word' id='word_1_90' title='bbox 380 2165 546 2249; x_wconf 88' lang='lat' dir='ltr'>disserere,</span> <span class='ocrx_word' id='word_1_91' title='bbox 570 2189 643 2254; x_wconf 88' lang='lat' dir='ltr'>quae</span> <span class='ocrx_word' id='word_1_92' title='bbox 661 2165 849 2233; x_wconf 86' lang='lat' dir='ltr'>fecundiore</span> <span class='ocrx_word' id='word_1_93' title='bbox 870 2189 966 2250; x_wconf 91' lang='lat' dir='ltr'>vena,</span> <span class='ocrx_word' id='word_1_94' title='bbox 990 2168 1059 2233; x_wconf 91' lang='lat' dir='ltr'>sine</span> <span class='ocrx_word' id='word_1_95' title='bbox 1080 2165 1202 2248; x_wconf 87' lang='lat' dir='ltr'>labore,</span> <span class='ocrx_word' id='word_1_96' title='bbox 1224 2190 1284 2234; x_wconf 88' lang='lat' dir='ltr'>nec</span> <span class='ocrx_word' id='word_1_97' title='bbox 1299 2167 1410 2236; x_wconf 86' lang='lat' dir='ltr'>¹multa</span> 
     </span>
     <span class='ocr_line' id='line_1_14' title="bbox 240 2289 1409 2378; baseline 0.002 -22"><span class='ocrx_word' id='word_1_98' title='bbox 240 2291 336 2356; x_wconf 85' lang='lat' dir='ltr'>etiam</span> <span class='ocrx_word' id='word_1_99' title='bbox 358 2312 414 2377; x_wconf 90' lang='lat' dir='ltr'>spe</span> <span class='ocrx_word' id='word_1_100' title='bbox 434 2310 517 2370; x_wconf 90' lang='lat' dir='ltr'>orta,</span> <span class='ocrx_word' id='word_1_101' title='bbox 539 2290 676 2356; x_wconf 88' lang='lat' dir='ltr'>celerem</span> <span class='ocrx_word' id='word_1_102' title='bbox 693 2291 727 2356; x_wconf 92' lang='lat' dir='ltr'>in</span> <span class='ocrx_word' id='word_1_103' title='bbox 746 2289 946 2356; x_wconf 91' lang='lat' dir='ltr'>oblivionem</span> <span class='ocrx_word' id='word_1_104' title='bbox 966 2291 1012 2356; x_wconf 90' lang='lat' dir='ltr'>ire</span> <span class='ocrx_word' id='word_1_105' title='bbox 1036 2293 1124 2378; x_wconf 84' lang='lat' dir='ltr'>justo</span> <span class='ocrx_word' id='word_1_106' title='bbox 1145 2289 1213 2358; x_wconf 89' lang='lat' dir='ltr'>fato</span> <span class='ocrx_word' id='word_1_107' title='bbox 1237 2289 1409 2373; x_wconf 88' lang='lat' dir='ltr'>debebant,</span> 
     </span>
     <span class='ocr_line' id='line_1_15' title="bbox 240 2413 1408 2514; baseline 0.003 -36"><span class='ocrx_word' id='word_1_108' title='bbox 240 2429 271 2478; x_wconf 88' lang='lat' dir='ltr'>et</span> <span class='ocrx_word' id='word_1_109' title='bbox 286 2435 356 2500; x_wconf 85' lang='lat' dir='ltr'>quae</span> <span class='ocrx_word' id='word_1_110' title='bbox 371 2413 492 2500; x_wconf 92' lang='lat' dir='ltr'>primus</span> <span class='ocrx_word' id='word_1_111' title='bbox 513 2414 579 2501; x_wconf 94' lang='lat' dir='ltr'>ipse</span> <span class='ocrx_word' id='word_1_112' title='bbox 600 2429 904 2500; x_wconf 82' lang='lat' dir='ltr'>poetaenumerare</span> <span class='ocrx_word' id='word_1_113' title='bbox 924 2436 993 2514; x_wconf 84' lang='lat' dir='ltr'>non</span> <span class='ocrx_word' id='word_1_114' title='bbox 1013 2413 1112 2480; x_wconf 87' lang='lat' dir='ltr'>valuit</span> <span class='ocrx_word' id='word_1_115' title='bbox 1133 2415 1256 2494; x_wconf 89' lang='lat' dir='ltr'>omnia,</span> <span class='ocrx_word' id='word_1_116' title='bbox 1279 2436 1353 2480; x_wconf 90' lang='lat' dir='ltr'>curn</span> <span class='ocrx_word' id='word_1_117' title='bbox 1374 2415 1408 2481; x_wconf 92' lang='lat' dir='ltr'>in</span> 
     </span>
     <span class='ocr_line' id='line_1_16' title="bbox 243 2536 1407 2621; baseline 0.001 -18"><span class='ocrx_word' id='word_1_118' title='bbox 243 2536 483 2604; x_wconf 82' lang='lat' dir='ltr'>Commentariis</span> <span class='ocrx_word' id='word_1_119' title='bbox 504 2559 641 2621; x_wconf 89' lang='lat' dir='ltr'>operum</span> <span class='ocrx_word' id='word_1_120' title='bbox 662 2557 798 2604; x_wconf 90' lang='lat' dir='ltr'>suorum</span> <span class='ocrx_word' id='word_1_121' title='bbox 820 2537 960 2604; x_wconf 88' lang='lat' dir='ltr'>indicem</span> <span class='ocrx_word' id='word_1_122' title='bbox 982 2536 1094 2604; x_wconf 88' lang='lat' dir='ltr'>dedit?</span> <span class='ocrx_word' id='word_1_123' title='bbox 1116 2538 1246 2604; x_wconf 91' lang='lat' dir='ltr'>Horum</span> <span class='ocrx_word' id='word_1_124' title='bbox 1272 2539 1407 2604; x_wconf 89' lang='lat' dir='ltr'>nomina</span> 
     </span>
     <span class='ocr_line' id='line_1_17' title="bbox 240 2659 1410 2751; baseline 0.001 -24"><span class='ocrx_word' id='word_1_125' title='bbox 240 2661 341 2727; x_wconf 87' lang='lat' dir='ltr'>lector</span> <span class='ocrx_word' id='word_1_126' title='bbox 358 2662 391 2727; x_wconf 92' lang='lat' dir='ltr'>in</span> <span class='ocrx_word' id='word_1_127' title='bbox 405 2659 579 2748; x_wconf 89' lang='lat' dir='ltr'>appendice</span> <span class='ocrx_word' id='word_1_128' title='bbox 599 2661 755 2741; x_wconf 86' lang='lat' dir='ltr'>inveniet,</span> <span class='ocrx_word' id='word_1_129' title='bbox 774 2685 847 2750; x_wconf 89' lang='lat' dir='ltr'>quae</span> <span class='ocrx_word' id='word_1_130' title='bbox 866 2662 952 2728; x_wconf 90' lang='lat' dir='ltr'>bunc</span> <span class='ocrx_word' id='word_1_131' title='bbox 973 2659 1091 2727; x_wconf 87' lang='lat' dir='ltr'>librum</span> <span class='ocrx_word' id='word_1_132' title='bbox 1110 2662 1257 2751; x_wconf 90' lang='lat' dir='ltr'>sequitur</span> <span class='ocrx_word' id='word_1_133' title='bbox 1268 2685 1278 2745; x_wconf 91' lang='lat'>;</span> <span class='ocrx_word' id='word_1_134' title='bbox 1307 2661 1410 2728; x_wconf 91' lang='lat' dir='ltr'>nihilo</span> 
     </span>
     <span class='ocr_line' id='line_1_18' title="bbox 240 2783 1083 2872; baseline 0.002 -24"><span class='ocrx_word' id='word_1_135' title='bbox 240 2785 327 2849; x_wconf 91' lang='lat' dir='ltr'>enirn</span> <span class='ocrx_word' id='word_1_136' title='bbox 342 2785 464 2870; x_wconf 89' lang='lat' dir='ltr'>majore</span> <span class='ocrx_word' id='word_1_137' title='bbox 480 2805 578 2872; x_wconf 86' lang='lat' dir='ltr'>quam</span> <span class='ocrx_word' id='word_1_138' title='bbox 598 2807 685 2851; x_wconf 86' lang='lat' dir='ltr'>mera</span> <span class='ocrx_word' id='word_1_139' title='bbox 699 2786 867 2851; x_wconf 84' lang='lat' dir='ltr'>mentione</span> <span class='ocrx_word' id='word_1_140' title='bbox 881 2783 979 2872; x_wconf 85' lang='lat' dir='ltr'>digna</span> <span class='ocrx_word' id='word_1_141' title='bbox 994 2802 1083 2851; x_wconf 92' lang='lat' dir='ltr'>sunt.</span> 
     </span>
    </p>
   </div>
   <div class='ocr_carea' id='block_1_5' title="bbox 236 3074 1414 3322">
    <p class='ocr_par' dir='ltr' id='par_1_6' title="bbox 236 3074 1414 3322">
     <span class='ocr_line' id='line_1_19' title="bbox 278 3074 1411 3149; baseline -0.001 -19"><span class='ocrx_word' id='word_1_142' title='bbox 278 3094 300 3131; x_wconf 85' lang='lat'>1.</span> <span class='ocrx_word' id='word_1_143' title='bbox 322 3077 340 3128; x_wconf 91' lang='lat' dir='ltr'><strong><em>I</em></strong></span> <span class='ocrx_word' id='word_1_144' title='bbox 350 3076 397 3128; x_wconf 79' lang='lat' dir='ltr'>dua</span> <span class='ocrx_word' id='word_1_145' title='bbox 410 3077 511 3146; x_wconf 78' lang='lat' dir='ltr'>gemelli</span> <span class='ocrx_word' id='word_1_146' title='bbox 524 3078 666 3146; x_wconf 61' lang='lat' dir='ltr'>uenqiani,</span> <span class='ocrx_word' id='word_1_147' title='bbox 683 3075 709 3129; x_wconf 85' lang='lat'>11</span> <span class='ocrx_word' id='word_1_148' title='bbox 719 3079 840 3130; x_wconf 79' lang='lat' dir='ltr'>servitore</span> <span class='ocrx_word' id='word_1_149' title='bbox 852 3077 881 3129; x_wconf 84' lang='lat' dir='ltr'>di</span> <span class='ocrx_word' id='word_1_150' title='bbox 893 3077 941 3129; x_wconf 81' lang='lat' dir='ltr'>due</span> <span class='ocrx_word' id='word_1_151' title='bbox 953 3076 1076 3149; x_wconf 78' lang='lat' dir='ltr'>padroni,</span> <span class='ocrx_word' id='word_1_152' title='bbox 1091 3075 1117 3130; x_wconf 81' lang='grc' dir='ltr'>ΙΙ</span> <span class='ocrx_word' id='word_1_153' title='bbox 1128 3075 1204 3148; x_wconf 74' lang='lat' dir='ltr'>figlio</span> <span class='ocrx_word' id='word_1_154' title='bbox 1218 3075 1247 3128; x_wconf 83' lang='lat' dir='ltr'>di</span> <span class='ocrx_word' id='word_1_155' title='bbox 1260 3074 1411 3129; x_wconf 81' lang='lat' dir='ltr'>Arlecchino</span> 
     </span>
     <span class='ocr_line' id='line_1_20' title="bbox 236 3162 1414 3244; baseline 0 -28"><span class='ocrx_word' id='word_1_156' title='bbox 236 3163 345 3234; x_wconf 72' lang='lat' dir='ltr'>perduro</span> <span class='ocrx_word' id='word_1_157' title='bbox 359 3181 372 3216; x_wconf 79' lang='lat' dir='ltr'>a</span> <span class='ocrx_word' id='word_1_158' title='bbox 385 3167 518 3244; x_wconf 64' lang='lat' dir='ltr'>ritrouato,</span> <span class='ocrx_word' id='word_1_159' title='bbox 540 3162 579 3218; x_wconf 84' lang='lat' dir='ltr'>La</span> <span class='ocrx_word' id='word_1_160' title='bbox 591 3165 686 3218; x_wconf 74' lang='lat' dir='ltr'>vadmu</span> <span class='ocrx_word' id='word_1_161' title='bbox 704 3164 806 3229; x_wconf 70' lang='lat' dir='ltr'>scelera,</span> <span class='ocrx_word' id='word_1_162' title='bbox 828 3165 868 3218; x_wconf 85' lang='lat' dir='ltr'>La</span> <span class='ocrx_word' id='word_1_163' title='bbox 887 3165 1039 3230; x_wconf 72' lang='lat' dir='ltr'>iucundiora,</span> <span class='ocrx_word' id='word_1_164' title='bbox 1060 3165 1184 3220; x_wconf 75' lang='lat' dir='ltr'>L&#39;ostera&#39;a</span> <span class='ocrx_word' id='word_1_165' title='bbox 1203 3163 1268 3218; x_wconf 78' lang='lat' dir='ltr'>della</span> <span class='ocrx_word' id='word_1_166' title='bbox 1281 3171 1366 3236; x_wconf 64' lang='lat' dir='ltr'>possm</span> <span class='ocrx_word' id='word_1_167' title='bbox 1387 3164 1414 3218; x_wconf 77' lang='grc' dir='ltr'>ΙΙ</span> 
     </span>
     <span class='ocr_line' id='line_1_21' title="bbox 239 3253 477 3322; baseline 0.013 -19"><span class='ocrx_word' id='word_1_168' title='bbox 239 3253 411 3322; x_wconf 79' lang='lat' dir='ltr'>raggirutore,</span> <span class='ocrx_word' id='word_1_169' title='bbox 426 3263 477 3306; x_wconf 87' lang='lat' dir='ltr'>etc.</span> 
     </span>
    </p>
   </div>
   <div class='ocr_carea' id='block_1_6' title="bbox 243 3353 1413 3498">
    <p class='ocr_par' dir='ltr' id='par_1_7' title="bbox 243 3353 1413 3498">
     <span class='ocr_line' id='line_1_22' title="bbox 276 3353 1413 3423; baseline 0.002 -16"><span class='ocrx_word' id='word_1_170' title='bbox 276 3369 301 3410; x_wconf 89' lang='lat'>2.</span> <span class='ocrx_word' id='word_1_171' title='bbox 324 3353 450 3420; x_wconf 75' lang='lat' dir='ltr'>Griselda,</span> <span class='ocrx_word' id='word_1_172' title='bbox 471 3355 605 3423; x_wconf 76' lang='lat' dir='ltr'>Belisario,</span> <span class='ocrx_word' id='word_1_173' title='bbox 627 3357 722 3410; x_wconf 80' lang='lat' dir='ltr'>Enrico</span> <span class='ocrx_word' id='word_1_174' title='bbox 741 3374 768 3409; x_wconf 80' lang='lat' dir='ltr'>rc</span> <span class='ocrx_word' id='word_1_175' title='bbox 786 3356 814 3408; x_wconf 85' lang='lat' dir='ltr'>di</span> <span class='ocrx_word' id='word_1_176' title='bbox 833 3355 933 3421; x_wconf 81' lang='lat' dir='ltr'>Sicilia,</span> <span class='ocrx_word' id='word_1_177' title='bbox 956 3355 1065 3410; x_wconf 80' lang='lat' dir='ltr'>Rinaldo</span> <span class='ocrx_word' id='word_1_178' title='bbox 1088 3355 1116 3410; x_wconf 81' lang='lat' dir='ltr'>di</span> <span class='ocrx_word' id='word_1_179' title='bbox 1143 3355 1327 3419; x_wconf 78' lang='lat' dir='ltr'>Montatbano,</span> <span class='ocrx_word' id='word_1_180' title='bbox 1353 3353 1413 3409; x_wconf 88' lang='lat' dir='ltr'>Ros-</span> 
     </span>
     <span class='ocr_line' id='line_1_23' title="bbox 243 3441 344 3498; baseline 0.04 -4"><span class='ocrx_word' id='word_1_181' title='bbox 243 3441 344 3498; x_wconf 85' lang='lat' dir='ltr'>manda.</span> 
     </span>
    </p>
   </div>
   <div class='ocr_carea' id='block_1_7' title="bbox 0 0 1802 5680">
    <p class='ocr_par' dir='ltr' id='par_1_8' title="bbox 0 0 1802 5680">
     <span class='ocr_line' id='line_1_24' title="bbox 0 0 1802 5680; baseline 0 0"><span class='ocrx_word' id='word_1_182' title='bbox 0 0 1802 5680; x_wconf 95' lang='lat' dir='ltr'> </span> 
     </span>
    </p>
   </div>
  </div>
 </body>
</html>
