3600 5682
541 625 841 679 GoLDorttttttnRUtt
868 630 1071 677 Fasutnttult
1098 629 1238 675 Dtvtsto.
1431 627 1471 694 71

306 772 415 839 sertim
428 770 689 838 constantissime
699 767 848 851 colimus,
865 791 924 857 pro
939 791 1003 856 qua
1016 768 1208 854 sanguinem
1224 782 1332 832 totum
1345 764 1485 847 demus,·

306 893 541 961 nechomines
571 894 671 960 totius
699 911 859 958 tetrarum
888 891 975 958 orbis
1003 893 1187 970 timeamus,
1220 889 1245 956 si
1275 911 1404 956 necesse
1433 889 1475 955 sit

306 1018 458 1085 Venetias
486 1033 611 1084 nostras
640 1015 809 1082 defendere
836 1015 1026 1094 carissimas,
1057 1037 1129 1104 quae
1168 1013 1263 1080 maris
1300 1013 1474 1101 imperium

307 1159 467 1208 tenent.»

352 1261 593 1350 Grandiloquos
607 1260 691 1328 forte
707 1261 792 1328 dicet
806 1257 919 1349 aliquis
934 1262 1070 1327 miseros
1079 1260 1159 1350 istos
1171 1278 1298 1342 nautas,
1310 1280 1370 1325 nec
1382 1276 1476 1324 natu-

307 1407 376 1454 ram
399 1386 543 1454 decentia
567 1385 663 1453 verba
691 1387 882 1473 scriptorem
911 1384 972 1452 illis
1001 1383 1208 1473 praestitisse:
1240 1401 1349 1449 tamen
1378 1379 1475 1449 hodie

306 1513 404 1577 etiam
432 1532 530 1599 quam
559 1531 634 1576 vera
659 1509 722 1574 sint
754 1509 933 1597 perspicere
961 1525 1031 1592 est;
1059 1524 1189 1574 tantum
1213 1508 1301 1574 enim
1328 1507 1413 1572 inter
1442 1527 1476 1570 se

307 1635 426 1702 distant
442 1636 550 1702 veneti
564 1633 789 1720 cymbularum
811 1651 953 1699 rectores
973 1649 1198 1720 nostratesque
1218 1631 1348 1716 aurigae,
1369 1652 1477 1719 quan-

308 1778 378 1826 tum
393 1757 563 1826 subsiliens
576 1776 703 1824 nostras
720 1777 776 1845 per
795 1757 861 1822 vias
880 1755 978 1822 rheda
998 1753 1140 1843 levisque
1164 1753 1295 1843 pallidas
1322 1753 1476 1821 Adriatici

309 1885 404 1950 maris
418 1906 517 1972 aquas
537 1880 704 1969 perlabens
724 1879 880 1947 navicula.
901 1878 1069 1962 Goethius,
1089 1879 1145 1968 qui
1168 1877 1351 1965 Chioaaotus
1368 1879 1477 1965 dispu-

308 2009 458 2074 tationes¹
479 2007 512 2070 in
528 2005 669 2088 theatro,
685 2006 736 2070 cui
753 2004 862 2072 Sancti
878 2004 975 2069 Lucae
991 2025 1125 2084 nomen,
1145 2001 1278 2083 viderat,
1295 2025 1329 2069 se
1345 2001 1476 2070 tandem

309 2127 447 2195 italicam
469 2127 667 2194 comoediam
686 2125 811 2193 audisse
821 2124 1004 2214 profitetur,
1021 2123 1225 2214 fabulamque
1241 2125 1477 2192 accuratissime

309 2272 427 2332 narrar,
449 2275 547 2340 quam
567 2252 778 2318 certissimam
797 2248 873 2317 dicit
896 2271 964 2316 esse
986 2249 1189 2337 popularium
1212 2271 1343 2316 morum
1366 2250 1477 2338 imagi-

309 2398 399 2456 nem,
425 2398 500 2442 cum
525 2373 614 2462 plebs
639 2375 746 2441 omnis
771 2372 883 2440 insulae
905 2372 1075 2470 Chioggiae
1099 2375 1204 2440 nautis
1227 2391 1282 2440 aut
1304 2391 1477 2441 nautarum

256 2587 257 2590 Ἴ
309 2498 447 2578 filiabus,
465 2498 620 2565 uxoribus
637 2496 843 2565 sororibusve
857 2514 996 2565 constet.
1020 2523 1036 2561 (ι
1059 2498 1151 2563 Dum
1170 2520 1203 2564 se
1222 2516 1288 2564 tam
1310 2515 1420 2564 exacte
1440 2520 1478 2563 ex

309 2646 384 2690 vero
406 2621 531 2690 effictos
551 2621 929 2716 videbantspectatores,
952 2621 1039 2688 addit
1059 2622 1263 2708 germanicus
1285 2639 1393 2708 poeta,
1418 2643 1478 2686 nec

308 2745 415 2829 bonis,
443 2771 502 2814 nec
526 2745 618 2814 malis
642 2745 740 2813 etiam
764 2744 894 2830 dotibus
919 2746 1059 2827 omissis,
1081 2744 1113 2812 id
1135 2763 1182 2813 est
1204 2762 1271 2811 tam
1294 2743 1419 2812 vividos
1440 2767 1476 2810 ac

307 2869 445 2950 rixosos,
468 2868 576 2936 faciles
601 2887 632 2936 et
656 2868 815 2954 abjectos,
840 2868 1059 2936 incredibilem
1083 2868 1226 2935 laetitiam
1250 2866 1476 2946 ostendebant,

308 2993 599 3082 cachinnantesque
619 3015 655 3058 ac
677 2989 887 3080 tripudientes
907 3015 924 3058 a
944 2992 1102 3082 principio
1122 3013 1223 3082 usque
1243 2991 1282 3058 ad
1302 2990 1402 3059 finem
1422 3015 1477 3058 eos

307 3118 465 3207 perspexi.
487 3143 503 3179 r>

349 3241 429 3308 Non
450 3239 649 3327 spernendus
672 3238 803 3329 quidem
824 3239 873 3306 his
898 3239 1001 3307 verbis
1026 3235 1183 3327 significat
1207 3241 1297 3306 testis
1317 3257 1476 3328 quantum

306 3364 475 3451 populares
491 3363 649 3432 Goldonii
663 3363 778 3431 fabulae
791 3363 875 3453 plebi
889 3363 1079 3452 placuerint,
1096 3362 1238 3453 illudque
1250 3364 1476 3431 testimonium

307 3487 512 3554 retinendum
538 3505 598 3569 est,
631 3509 705 3554 curn
734 3487 774 3554 de
802 3489 958 3575 scriptore
985 3487 1093 3554 italico
1120 3487 1289 3573 judicatur.
1322 3486 1423 3568 Quod
1449 3487 1475 3552 si

306 3630 413 3676 exacta
429 3611 554 3677 ratione
569 3611 769 3698 dispositam,
787 3610 902 3698 gallico
919 3634 1023 3692 more,
1040 3609 1179 3677 fabulam
1195 3608 1233 3677 ab
1250 3633 1290 3676 eo
1310 3610 1473 3697 petiveris,

306 3751 337 3799 te
355 3757 426 3820 spes
448 3733 639 3823 plerumque
659 3733 767 3817 fallet;
788 3737 838 3801 sin
860 3754 970 3802 autem
992 3735 1026 3801 in
1049 3732 1104 3799 illo
1126 3753 1240 3800 verum
1262 3733 1474 3800 Venetiarum

305 3876 434 3943 poetam
450 3858 610 3946 inspicies,
625 3859 651 3923 si
662 3855 725 3925 hoc
740 3858 832 3925 molli
845 3880 1009 3942 sermone,
1028 3881 1125 3947 quem
1141 3857 1224 3947 apud
1239 3881 1315 3924 eum
1331 3856 1474 3946 lepidum

305 3998 400 4068 atque
429 3979 567 4047 facetum
598 3980 761 4062 invenies,
792 3979 990 4048 familiariter
1014 3983 1132 4063 uteris,
1158 3983 1184 4048 si
1207 3983 1345 4070 propriis
1372 3982 1473 4049 oculis

304 4103 448 4190 depictos
470 4127 577 4171 mores
596 4102 726 4184 videris,
742 4108 909 4173 neminem
924 4106 1051 4173 veritati
1066 4107 1199 4195 propius
1213 4107 1380 4173 accessisse
1394 4105 1473 4172 fate·

304 4225 388 4293 bere.

350 4349 429 4416 Non
444 4350 566 4417 italicus
581 4351 680 4436 enim,
698 4367 734 4416 ut
749 4373 823 4418 vera
839 4350 955 4433 dicam,
975 4369 1069 4440 poeta
1085 4350 1269 4419 Goldonius
1282 4350 1355 4431 fuit,
1372 4375 1470 4440 quern

302 4545 512 4554 1——

341 4673 365 4712 1.
385 4657 420 4709 La
434 4658 529 4728 baraffe
541 4658 665 4730 chioaaote
676 4657 875 4728 (Commentarii
890 4690 923 4700 —
934 4661 976 4714 De
986 4661 1081 4714 itinere
1092 4677 1139 4730 per
1152 4659 1269 4713 Italiam.
1283 4660 1335 4714 Die
1349 4675 1381 4716 10
1396 4675 1470 4715 men·

302 4745 337 4799 sis
352 4745 470 4800 octobris
486 4746 574 4817 1786).
