3600 5682
360 637 425 701 ·26
562 653 607 700 oe
631 652 812 700 cotoonro
837 651 979 699 tratres
1003 650 1123 698 senus
1147 651 1371 700 coanucrone

383 793 508 858 minum
523 771 626 878 ¹genus
641 813 708 857 non
719 790 782 857 hoc
796 789 867 858 solo
879 790 1086 871 exstinctum,
1099 788 1153 857 ubi
1167 789 1308 878 primum
1323 807 1397 878 post
1414 790 1546 858 Graecos

383 914 614 1002 Romanosque
624 936 674 981 ars
689 914 820 980 scaenica
835 913 1053 981 resurrexerit.
1072 911 1171 981 Gallis
1186 911 1290 980 hercle
1304 913 1311 979 l
1329 935 1481 1001 personas
1497 915 1546 980 in-

382 1037 489 1105 videre
513 1037 618 1106 nolim
638 1054 710 1127 apte
729 1035 895 1118 formatas,
922 1034 1051 1126 sibique¹
1069 1052 1267 1118 constantes,
1293 1038 1392 1104 animi
1416 1059 1543 1127 permo-

382 1162 511 1228 tionum
534 1180 750 1248 congruenter
775 1159 1014 1228 tractandarum
1039 1159 1159 1240 artem,
1173 1176 1317 1240 acutum,
1338 1161 1543 1246 ingeniosum
1583 1209 1589 1218 .

381 1284 585 1370 nitidumque
609 1307 807 1365 sermonem,
833 1283 889 1350 sed
914 1282 1046 1372 hujusce
1064 1284 1170 1371 gentis
1189 1283 1327 1372 populus
1344 1285 1452 1372 paucis
1466 1307 1545 1352 con-

382 1427 491 1477 tentus
506 1430 565 1478 est.
584 1409 657 1476 Una
672 1410 759 1476 enim
773 1406 898 1475 indoles
908 1407 1028 1496 gallicae
1041 1408 1214 1498 unicuique
1224 1406 1541 1492 comoediaesufficit3

381 1555 483 1600 unum
506 1535 586 1600 circa
610 1531 773 1614 affectum,
800 1529 882 1598 bene
905 1549 1078 1599 tractatum
1102 1549 1133 1598 et
1157 1525 1326 1599 tenui'filo
1355 1530 1542 1611 deductum,

381 1655 502 1724 multos
523 1654 702 1723 verborum·
723 1656 872 1722 circuitus
894 1653 1073 1722 devolvunt
1097 1653 1193 1736 Galli,
1221 1678 1362 1744 quorum
1385 1656 1417 1722 vi
1440 1655 1544 1724 fabula

380 1780 544 1847 interdum
559 1802 643 1847 nova
659 1778 797 1846 videtur.
816 1779 941 1868 Majora
955 1797 1063 1846 autem
1079 1802 1096 1845 a
1111 1778 1308 1847 nostratibus
1322 1797 1516 1868 expetuntur
1532 1805 1540 1847 ε

378 1903 572 1994 praecipuam
584 1904 670 1971 enim
685 1901 829 1971 indolem
843 1902 992 1984 validam,
1005 1904 1167 1993 propriam
1181 1926 1217 1970 ac
1232 1922 1341 1971 tamen
1356 1923 1469 1971 notam
1485 1928 1543 1972 vo·

380 2027 469 2110 lunt3
492 2027 657 2109 omnibus,
678 2029 775 2095 etiam
794 2028 993 2111 adventiciis,
1014 2051 1082 2096 esse
1099 2026 1245 2095 indolem
1263 2029 1409 2117 personis
1417 2055 1427 2113 ;
1449 2013 1551 2116 argu-¹

381 2172 530 2219 mentum
546 2152 667 2219 casibus
684 2175 719 2218 ac
733 2150 872 2219 fortunis
886 2153 979 2218 variis
1001 2154 1158 2242 novisque
1175 2150 1354 2234 abundare3
1371 2152 1491 2219 facetiis
1505 2176 1542 2219 ac

382 2277 461 2364 jocis
481 2275 559 2342 utile
580 2275 753 2366 quicquam
772 2275 918 2343 moribus
936 2274 1123 2358 admisceri3
1143 2275 1284 2354 fabulam
1303 2275 1436 2343 tandem
1452 2273 1550 2343 inex?

380 2417 523 2486 spectato
543 2398 657 2481 modo,
678 2399 732 2464 sed
754 2400 809 2487 qui
827 2422 865 2465 ex
883 2401 1009 2466 actione
1022 2399 1088 2487 ipsa
1108 2400 1241 2481 oriatur,
1267 2399 1426 2487 explicari.
1455 2400 1541 2466 Tam

381 2522 491 2589 multis
511 2521 604 2589 rebus
621 2521 758 2612 denique
774 2523 892 2589 nostris
912 2520 1100 2589 hominibus
1114 2544 1195 2611 opus
1210 2540 1270 2604 est,
1288 2541 1324 2590 ut
1343 2522 1392 2590 his
1409 2545 1541 2591 enume-

379 2644 485 2714 randis
506 2669 573 2714 non
597 2644 765 2714 sufficiam.
788 2646 954 2735 Tempore
976 2662 1104 2713 tantum
1122 2645 1305 2733 adjuvante,
1326 2670 1385 2714 usu
1408 2671 1442 2715 ac
1459 2670 1541 2716 con-

379 2769 549 2837 suetudine
563 2792 598 2836 ea
615 2791 710 2838 nosse
725 2792 761 2836 ac
777 2768 927 2858 perlicere
940 2787 1000 2836 est.
1029 2800 1044 2830 »

423 2881 684 2981 Tuncproponit
695 2893 810 2960 Laelius
821 2892 1031 2974 comoediam,
1044 2891 1540 2982 quaeindolemquamdamtrac-
1584 2873 1586 2878 Ι

380 3035 439 3101 tat,
454 3040 502 3099 ac,
519 3019 545 3083 si
556 3019 666 3083 omnia
675 3018 750 3084 artis
761 3033 916 3104 praecepta
926 3038 993 3082 non
1005 3034 1125 3096 secuta,
1137 3021 1414 3106 quaepraecipuum
1426 3020 1540 3086 saltem

379 3161 499 3210 servat:
518 3163 620 3208 unum
634 3163 701 3207 esse
712 3141 847 3207 actionis
862 3117 984 3222 locum‘,
996 3158 1031 3206 ut
1043 3140 1317 3208 commendaverit
1333 3144 1537 3225 Aristoteles,

379 3289 475 3355 quern
497 3265 617 3354 alioqui
641 3283 808 3353 nunquam
827 3261 940 3352 legisse
957 3287 991 3330 se
1008 3262 1136 3330 latetur.
1165 3265 1235 3332 Hac
1260 3267 1428 3333 occasione
1446 3287 1540 3334 utens

379 3389 455 3480 quid
474 3388 513 3457 de
532 3388 726 3478 philosopho
752 3410 856 3475 graeco
880 3386 1085 3492 sentiendum
1108 3390 1162 3470 sit,
1178 3390 1276 3478 ipsius
1302 3392 1371 3457 vice
1385 3391 1541 3482 loquente

380 3515 531 3594 Horatio,
558 3512 741 3581 Goldonius
770 3511 913 3579 indicat:
939 3511 1146 3580 Aristotelem
1175 3536 1289 3601 parurn
1315 3513 1354 3581 de
1379 3515 1541 3583 comoedia

378 3635 572 3726 locupletem
583 3655 747 3704 auctorem
759 3634 909 3717 affirmat,
922 3635 960 3704 de
969 3659 1031 3725 qua
1042 3658 1107 3702 non
1121 3635 1221 3704 multa
1231 3638 1390 3726 scripserit
1400 3662 1540 3729 eumque

378 3759 477 3842 addit,
493 3762 518 3826 si
541 3760 636 3827 hodie
653 3762 786 3843 viveret,
803 3759 842 3828 de
861 3759 934 3826 loco
953 3787 969 3823 a
984 3783 1051 3827 uno
1070 3787 1086 3822 n
1105 3762 1297 3827 sententiam
1314 3781 1535 3846 mutaturum3

378 3885 548 3951 innumera
563 3886 649 3951 enim
665 3883 810 3966 absurde,
828 3883 946 3950 insulse
961 3901 1016 3950 aut
1029 3884 1214 3952 indecenter
1225 3904 1293 3952 acta
1303 3908 1342 3952 ex
1357 3908 1396 3953 eo
1412 3909 1538 3975 proces·

276 4033 278 4038 ·
377 4008 454 4074 sisse
466 4033 475 4089 ;
498 4009 523 4073 si
542 4008 693 4097 antiquis,
717 4008 804 4074 velut
826 4009 994 4074 recentiori
1015 4008 1114 4092 aetati,
1133 4007 1224 4076 facile
1241 4008 1351 4076 luisset
1371 4011 1541 4099 spectaculi

378 4150 563 4220 apparatum
581 4135 712 4212 variare,
729 4131 762 4198 hi
780 4147 864 4198 certe
881 4154 948 4198 non
968 4131 1054 4198 idem
1071 4131 1110 4198 de
1130 4133 1254 4222 poetica
1268 4152 1335 4201 arte
1352 4134 1538 4201 sensissent.

377 4256 552 4323 Actionem
565 4280 664 4324 unam
680 4279 748 4323 esse
763 4255 945 4345 eodemque
960 4275 1107 4345 tempore
1130 4256 1232 4324 efferri
1251 4258 1398 4326 concedit
1416 4257 1540 4327 Goldo-

377 4383 463 4461 nius,
481 4380 535 4447 sed
551 4403 617 4447 non
632 4379 748 4446 eodem
759 4379 845 4460 loc0‚
862 4398 1019 4468 quantum
1032 4380 1144 4447 saltem
1156 4379 1194 4447 ad
1205 4382 1402 4449 comoediam
1412 4384 1539 4465 attinet,

374 4527 450 4592 quae
469 4522 659 4572 eventorum
684 4503 861 4594 frequentia
880 4523 1015 4571 constat.
1036 4505 1105 4572 Nec
1130 4523 1237 4571 tamen
1258 4506 1396 4572 nimium
1418 4505 1540 4572 crebras

376 4621 445 4695 lore
470 4629 665 4695 mutationes
694 4629 848 4716 praecipit,
876 4646 911 4694 ut
939 4626 1022 4715 apud
1053 4629 1228 4717 Hispanos,
1254 4652 1394 4716 quorum
1428 4629 1541 4697 heroes

378 4752 536 4820 eademin
552 4751 655 4820 fabula
669 4751 804 4839 Neapoli
825 4753 858 4818 in
879 4752 1157 4819 Tarraconensem
1177 4751 1340 4820 coloniam
1359 4773 1538 4822 transeunt.
