3600 5682
542 636 843 682 GOLDONlANARUM
870 635 1074 682 FABULARUM
1100 633 1241 680 DlVlSlO.
1433 617 1474 698 69

308 773 411 841 cessit.
431 799 445 836 a
475 771 632 861 Idemque
655 773 714 840 fuit
737 772 867 840 alterius
894 771 1027 854 fabulae,
1054 773 1105 839 cui
1130 772 1180 838 La
1207 770 1324 838 Tauria
1348 770 1475 850 titulus,

307 898 522 986 propositum.

352 1020 428 1102 Qua
449 1021 517 1110 ipsa
538 1020 664 1089 ratione
682 1020 732 1087 hae
758 1018 828 1088 duae
854 1045 870 1086 r
895 1020 1021 1088 rusticae
1043 1018 1247 1087 comoediae»
1274 1041 1342 1086 non
1366 1041 1476 1087 revera

305 1142 475 1231 populares
496 1143 647 1212 videntur
668 1143 794 1226 fabulae,
816 1145 925 1232 potius
947 1163 1056 1211 autem
1078 1144 1282 1211 eruditorum
1302 1143 1476 1210 hominum

306 1265 373 1334 ludi
393 1265 504 1348 fuisse,
533 1274 591 1335 nec
619 1291 694 1334 cum
720 1267 926 1355 goldonianis
954 1268 1123 1335 comoediis
1151 1265 1366 1334 conferendae.
1391 1267 1478 1348 Quae

305 1409 477 1478 postremae
489 1391 590 1478 magis
606 1390 645 1458 ad
660 1389 786 1479 plebem
802 1407 959 1479 spectant,
977 1391 1061 1458 illius
1075 1413 1262 1458 sermonem
1277 1389 1429 1457 affectant
1439 1413 1475 1456 ac

248 1507 254 1520 '
304 1513 385 1579 vivis
397 1491 603 1602 popularium
618 1536 748 1583 morum
763 1511 957 1601 imaginibus
978 1513 1173 1596 redundant,
1189 1513 1343 1602 singulari
1363 1515 1475 1601 vigore

304 1636 504 1724 plebeiorum
520 1635 652 1704 affectus
669 1657 844 1726 motusque
860 1639 1087 1726 exprimentes.

348 1760 387 1828 In
400 1759 604 1848 Beneficiario
617 1761 743 1828 ιίἰιηιιι
765 1760 950 1828 adulescens
972 1759 1101 1845 nobilis,
1117 1759 1265 1828 beneficii
1280 1762 1329 1827 sui
1345 1783 1472 1849 posses-

304 1885 431 1952 sionem
456 1901 665 1973 sumpturus,
692 1885 792 1952 venit.
821 1885 987 1968 lncaurus,
1014 1904 1050 1952 ut
1073 1888 1142 1974 ejus
1162 1886 1264 1953 aeratis
1289 1901 1356 1968 est,
1381 1907 1475 1951 novae

304 2005 468 2094 dignitatis
487 2009 536 2095 jus
555 2006 727 2075 arbitratur
748 2008 1017 2096 jucundissimum
1040 2006 1208 2076 blanditias
1229 2007 1409 2075 vernaculis
1429 2006 1445 2074 f
1462 2046 1475 2058 ·

304 2132 413 2215 minis,
431 2132 500 2198 sine
519 2130 621 2212 rivali,
637 2131 741 2198 dicere
760 2155 854 2220 posse
864 2158 874 2215 ;
897 2133 1004 2198 mariti
1023 2152 1133 2200 autem
1153 2149 1321 2220 patresque
1337 2154 1405 2198 non
1420 2154 1475 2197 eo-

274 2277 278 2283 ·
303 2255 377 2322 dem
394 2255 496 2322 modo
516 2278 585 2324 rem
606 2255 804 2344 intelligunt.
829 2257 966 2339 Ceccus,
982 2258 1033 2324 cui
1052 2275 1188 2324 venusta
1208 2256 1322 2323 Ghitra
1341 2258 1473 2344 conjux,

305 2398 458 2469 quattuor
478 2381 543 2468 jam
567 2379 730 2449 adulteros
755 2380 872 2448 occidit
895 2379 1041 2469 factaque
1062 2381 1121 2447 ista
1141 2379 1284 2466 gloriose
1309 2378 1472 2468 praedicat,

303 2527 362 2574 nec
382 2505 533 2592 quintum
553 2504 712 2593 prioribus
732 2503 847 2573 addere
865 2502 1003 2589 dubitet,
1023 2506 1050 2571 si
1070 2505 1240 2571 sententiae
1261 2503 1472 2584 credendum,

304 2650 400 2715 quam
424 2629 458 2694 in
479 2627 617 2695 concilio
638 2627 774 2717 profert,
791 2651 866 2695 cum
887 2630 972 2696 inter
994 2609 1115 2695 amicos
1136 2626 1328 2695 deliberatur
1342 2628 1419 2716 quid
1434 2626 1474 2694 de

303 2751 505 2819 adulescente
524 2753 716 2840 marquione
733 2750 896 2845 agendum
917 2753 971 2836 sit,
992 2770 1028 2818 ut
1047 2750 1130 2819 illius
1152 2752 1290 2818 nimium
1316 2752 1472 2819 amatoria

303 2875 433 2944 consilia
461 2874 683 2944 cohibeantur.
710 2877 858 2944 Mitiores
884 2894 993 2943 aurem
1023 2875 1151 2945 Nardus
1180 2875 1472 2965 Pasqualottusque

302 2999 451 3068 incendio
461 3017 588 3066 tantum
598 2998 764 3067 castellum
774 2998 1312 3088 conflagrandum,autprotervum
1321 3002 1473 3088 juvenem

302 3121 417 3188 eodem
432 3123 547 3203 modo,
562 3146 628 3212 quo
643 3123 760 3211 agnelli
771 3145 919 3190 verveces
929 3122 1022 3204 fiant,
1033 3121 1237 3189 afficiendum
1248 3145 1315 3189 esse
1325 3142 1469 3191 censent.

345 3246 479 3314 Feroces
504 3245 623 3314 scilicet
649 3266 764 3314 natura
786 3245 975 3335 hujusmodi
1001 3245 1163 3327 homines,
1190 3269 1249 3313 nec
1274 3247 1350 3313 satis
1373 3247 1472 3313 animi

301 3387 481 3458 compotes,
509 3370 548 3438 ad
571 3393 713 3460 pugnam
742 3393 956 3460 cruoremque
977 3369 1182 3437 fundendum
1211 3391 1340 3458 semper
1368 3371 1471 3458 parati

301 3514 389 3578 sunt,
415 3492 607 3583 feminaeque
632 3518 700 3561 non
725 3494 867 3562 multum
889 3495 1034 3560 virorum
1057 3492 1226 3560 dissimiles
1240 3504 1264 3558 ².
1299 3493 1471 3562 Caesorum

300 3617 394 3699 ultio,
422 3641 518 3708 quam
544 3618 656 3685 dicunt
677 3645 693 3682 a
710 3618 861 3686 vendetta
879 3645 895 3682 u
923 3618 1209 3707 compositumque
1230 3616 1269 3686 de
1292 3617 1470 3684 homicidio

300 3743 439 3830 pretium
468 3764 560 3809 more
587 3741 671 3830 apud
698 3743 837 3809 italicam
867 3739 994 3829 plebem
1024 3740 1129 3807 adhuc
1156 3739 1281 3828 vigent,
1304 3760 1335 3808 et
1361 3764 1409 3808 res
1435 3743 1469 3808 in

300 3866 432 3937 Corsica
447 3865 550 3933 insula
563 3868 739 3956 praesertim
754 3865 836 3933 bene
852 3883 941 3933 nota.
961 3866 1133 3932 Proximus
1149 3882 1297 3952 agnatus,
1316 3866 1387 3931 caesi
1402 3866 1469 3952 ipse

298 4008 388 4077 pater
409 3989 443 4055 in
476 3988 606 4077 Optima
635 4014 740 4071 uxore,
772 4010 963 4080 promptum
993 4013 1026 4056 se
1056 3988 1095 4055 ad
1124 4011 1236 4077 pacem
1265 3988 1468 4077 pangendum

299 4112 453 4181 declarat³
466 4113 656 4203 solennique
667 4115 742 4195 ritu,
755 4112 889 4182 testibus
904 4113 1057 4195 inductis,
1073 4113 1107 4180 in
1122 4113 1331 4181 concordiam
1345 4113 1468 4180 inimici

299 4278 508 4290 -—-———d

336 4387 358 4424 1.
380 4369 406 4423 Il
413 4369 571 4440 feudatario.

333 4491 359 4532 2.
379 4477 530 4530 Audiamus
544 4479 697 4531 Lucretiam
714 4479 741 4530 in
756 4477 791 4530 Le
804 4477 884 4530 donne
896 4477 976 4547 gelose
988 4478 1061 4546 (Act.
1080 4477 1114 4543 lI,
1130 4493 1167 4533 sc.
1187 4476 1241 4544 21).
1260 4495 1274 4524 «
1291 4475 1337 4528 Ste
1353 4473 1381 4526 in
1394 4473 1464 4540 drio,

297 4563 347 4618 che
361 4562 434 4616 fazzo
449 4567 565 4634 sanguel
584 4586 597 4615 »
614 4565 683 4619 Vide
698 4566 780 4619 etiam
795 4566 831 4618 Le
844 4566 942 4635 baruffe
954 4565 1077 4635 chiorzote
1089 4566 1164 4633 (Act.
1181 4565 1203 4630 1,
1219 4580 1257 4618 sc.
1276 4563 1312 4632 3).
1381 4628 1384 4633 ι

335 4688 346 4740 3
376 4673 414 4725 La
428 4673 511 4725 hona
524 4672 624 4742 moglie.
637 4673 697 4724 Act.
715 4672 762 4737 Ill,
780 4687 817 4726 sc.
836 4685 884 4736 14:
898 4691 912 4721 a
924 4672 972 4734 Mi,
984 4671 1034 4724 che
1044 4687 1074 4724 so
1089 4686 1151 4741 pare
1161 4667 1204 4722 del
1215 4679 1317 4733 morto,
1333 4668 1388 4738 ghe
1399 4667 1464 4722 dard

297 4757 322 4814 la
337 4776 407 4830 pase.
427 4761 500 4824 Quei
515 4761 547 4813 de
561 4760 679 4814 l’osraria
694 4761 702 4812 i
718 4762 775 4813 sard
789 4760 930 4813 testimoni
945 4758 995 4812 che
1011 4759 1038 4812 lu
1053 4761 1086 4812 xe
1100 4769 1140 4812 sta
1154 4757 1179 4812 el
1194 4758 1283 4828 primo
1299 4772 1314 4809 a
1329 4756 1384 4811 dar.
1400 4777 1414 4808 »
