3588 5680
684 633 686 637 ’
744 665 952 713 concussio.
1373 663 1429 731 135

265 823 329 890 qne
341 801 521 890 pensitabat
529 827 539 885 ;
558 823 633 868 nam
649 802 675 868 si
687 800 882 872 fecunditate
893 800 1097 871 Goldonium
1110 799 1261 868 Chiarius
1270 801 1430 890 aequabat,

265 924 388 1012 ingenii
401 923 531 993 dotibus
545 924 644 1012 longe
653 925 786 993 inferior
795 944 874 1010 erat,
887 947 1071 1016 quanquam
1082 923 1243 1005 litterulis,
1255 927 1433 1012 praesertim

265 1047 384 1129 latinis
410 1048 568 1117 imbutus.
599 1047 755 1116 Sacerdos
777 1049 875 1116 simul
897 1071 931 1116 ac
962 1049 1106 1115 comicus
1128 1065 1236 1136 poeta,
1266 1047 1430 1133 Chiarius,

266 1170 372 1238 Brixia
392 1187 496 1254 ortus,
522 1170 681 1260 permulta
700 1173 881 1261 scripserat,
907 1174 991 1242 inter
1018 1193 1089 1261 quae
1116 1170 1268 1260 plurimas
1297 1169 1430 1254 fabulas,

267 1316 326 1362 nec
340 1317 408 1362 non
421 1293 511 1362 fictas
525 1295 738 1378 narrationes,
754 1312 850 1386 atque
867 1296 964 1363 etiam
981 1294 1079 1384 lyrica
1100 1295 1251 1362 carmina.
1274 1293 1431 1364 Ceterum

265 1416 374 1484 aemuli
400 1417 497 1485 ambo
520 1435 624 1502 erant,
651 1435 683 1484 et
708 1418 858 1487 Chiarius
882 1419 951 1510 qui,
974 1416 1134 1507 stipendio
1158 1417 1351 1499 constituto,
1376 1440 1431 1486 co-

266 1539 401 1609 moedias
424 1565 484 1631 pro
508 1541 639 1609 theatris
661 1539 817 1609 scribebat
841 1564 858 1608 a
882 1540 1050 1612 Goldonio
1073 1541 1219 1626 omissis,
1241 1559 1432 1631 argumenta

266 1664 303 1732 ab
326 1664 381 1733 illo
403 1663 531 1734 liberius
552 1664 772 1750 mutuabatur,
795 1688 871 1734 cum
891 1665 931 1734 ad
952 1665 1113 1757 populum
1132 1665 1338 1736 alliciendum
1358 1685 1431 1756 apta

265 1787 324 1854 sibi
357 1785 554 1856 viderentur.
590 1787 661 1872 Sic,
692 1787 851 1857 Goldonii
884 1790 1001 1873 instar,
1032 1788 1272 1859 martellianum
1304 1812 1431 1858 versum

265 1912 441 2000 usurpavit,
465 1908 641 1978 Molierum
663 1912 697 1978 in
719 1934 857 1979 scaenam
877 1910 1025 2000 protulit,
1047 1910 1186 1979 Sericum
1204 1933 1324 1980 seruam
1342 1935 1432 1980 com·

267 2034 375 2121 posuit
394 2034 550 2101 Persicam
570 2056 695 2102 uxorem
714 2034 873 2117 imitatus,
894 2033 1128 2125 Pulchramque
1142 2036 1363 2122 peregrinam¹
1384 2058 1432 2103 ar·

266 2172 425 2244 gumento
446 2179 464 2224 a
479 2155 614 2225 Voltarii
627 2156 718 2225 Scuta
732 2176 877 2246 sumpto,
894 2180 962 2226 non
979 2158 1037 2232 alia
1051 2158 1183 2250 quidem
1198 2158 1323 2225 ratione
1337 2177 1433 2249 atque

271 2279 337 2367 ipse
354 2277 571 2348 Goldonius².
589 2278 749 2349 Nonnulli
764 2299 874 2348 tamen
891 2298 923 2349 et
937 2281 1107 2350 Chiarium
1118 2278 1328 2365 mirabantur,
1340 2279 1433 2348 dum-

269 2424 332 2490 que
355 2401 441 2470 hunc
466 2402 606 2470 Gozzius
630 2421 661 2471 et
685 2404 778 2472 amici
799 2431 815 2468 ι(
836 2406 990 2473 miserum
1013 2406 1207 2496 piscatorem
1229 2429 1259 2489 u,
1281 2422 1312 2471 et
1337 2431 1354 2470 e
1381 2426 1434 2472 co-

269 2548 385 2615 quum,
401 2548 470 2594 non
492 2543 624 2616 poetam
640 2553 674 2608 a,
689 2545 744 2594 aut
766 2553 783 2592 <r
805 2528 1057 2620 sesquipedales³
1077 2551 1188 2597 versus
1205 2528 1397 2596 scribentem
1416 2553 1433 2592 u

268 2646 491 2738 designabant,
508 2648 693 2718 Eordonius
709 2649 879 2717 Chiarium
893 2650 1068 2741 appellabat
1086 2678 1102 2716 u
1119 2652 1226 2719 virum
1240 2653 1330 2740 cujus
1349 2648 1434 2719 fama

268 2770 307 2839 ab
323 2771 470 2842 Herculis
485 2773 646 2842 columnis
664 2796 766 2864 usque
789 2774 828 2842 ad
846 2776 1000 2844 arcticum
1021 2774 1135 2864 polum
1146 2772 1283 2864 ¹vulgata
1302 2791 1384 2842 esset
1402 2799 1433 2842 u.

314 2992 451 3062 Carolus
466 2993 606 3062 Gozzius
623 2993 806 3063 cumfratre
821 2991 988 3082 Gaspardo
1003 3011 1034 3062 et
1057 2990 1220 3062 sodalibus
1241 2991 1434 3084 quibusdam

268 3116 475 3186 Academiam
491 3117 609 3186 dictam
626 3144 642 3183 (ι
660 3118 711 3186 dei
726 3117 945 3197 Granellescbi
963 3143 980 3182 u
994 3117 1195 3201 condiderat,
1210 3115 1251 3184 de
1266 3139 1327 3208 qua
1348 3117 1435 3206 prius

268 3241 392 3308 mentio
414 3239 495 3308 facta
516 3258 578 3325 est,
603 3259 699 3331 atque
719 3242 747 3308 ei
767 3242 973 3330 propositum
992 3240 1165 3315 consilium
1184 3257 1249 3308 erat
1270 3241 1435 3330 puriorem

268 3362 394 3432 efficere
407 3363 552 3450 linguam
565 3361 717 3447 italicam,
737 3363 890 3432 «sublata
905 3363 1026 3452 putidae
1046 3386 1189 3454 pompae,
1205 3362 1436 3432 translatorum

268 3488 442 3556 verborum
466 3507 496 3555 et
520 3486 696 3574 figurarum
720 3489 911 3578 pestilentia,
934 3511 951 3554 a
969 3489 1050 3557 sexti
1070 3486 1186 3556 decimi
1205 3487 1311 3555 saeculi
1331 3489 1435 3576 poetis

267 3610 365 3696 illata,
389 3629 424 3678 ut
447 3612 481 3678 in
504 3614 661 3699 juvenum
689 3611 851 3679 mentibus
878 3610 1085 3700 pulchrarum
1109 3611 1344 3679 sententiarum
1367 3627 1434 3678 stu·

268 3734 357 3805 diurn
373 3753 405 3801 et
421 3733 585 3802 aemulatio
600 3733 911 3804 substituerentur».
929 3734 1030 3818 Quod
1045 3734 1085 3803 ad
1099 3757 1168 3802 rem
1183 3735 1351 3801 scaenicam
1365 3756 1436 3822 per·

268 3860 362 3945 tinet,
375 3859 514 3927 Gozzius
526 3860 736 3948 antiquorum
751 3881 883 3926 morum
893 3857 1001 3927 fautor
1016 3876 1094 3942 erat,
1105 3858 1312 3947 praesentium
1327 3880 1435 3924 rerum

269 3981 364 4050 taedio
384 4004 468 4051 nova
488 3981 637 4065 moliens,
654 4002 690 4050 ut
704 4000 816 4071 postea
835 4001 867 4049 et
887 3984 922 4049 in
942 3981 1036 4049 rebus
1057 3981 1192 4072 publicis
1217 3981 1301 4069 egit;
1327 3981 1435 4070 itaque

268 4105 519 4195 extemporalem
540 4104 737 4174 comoediam
756 4128 774 4173 a
792 4104 967 4193 majoribus
988 4101 1138 4172 traditam
1156 4105 1309 4173 acerrime
1326 4102 1434 4170 defen·

267 4227 376 4314 debat,
396 4247 428 4298 et
450 4253 557 4298 eam«
580 4252 706 4318 semper
724 4228 919 4311 lacessitam,
939 4251 1107 4319 nunquam
1130 4246 1239 4296 tamen
1264 4227 1394 4316 periisse
1417 4252 1432 4290 u

268 4352 382 4437 aiebat,
399 4352 629 4444 addebatque«
647 4374 703 4442 per
717 4353 776 4421 sibi
792 4353 911 4419 mirum
927 4374 994 4419 esse
1014 4349 1172 4441 quosdam
1193 4350 1356 4431 homiues,
1378 4351 1435 4438 qui

270 4500 480 4511 ————--

308 4599 331 4638 r.
347 4583 385 4636 La
398 4580 461 4635 bella
470 4581 620 4653 pelegrino,

301 4695 330 4763 ¹2.
351 4678 389 4732 La
402 4677 523 4748 Scopaese.

307 4791 330 4844 3.
354 4792 368 4823 a
383 4772 491 4842 Luughi
506 4790 584 4827 come
599 4791 683 4828 carme
695 4773 728 4827 da
742 4773 877 4827 serviziale
891 4794 917 4829 u.
