3588 5680
519 655 822 703 GOLDONIANARUM
847 653 1051 701 FABULARUM
1076 651 1216 700 DIVISIO.
1412 649 1450 720 75

278 817 348 862 aevo
372 794 563 878 ludaeorum
586 791 713 876 aemuli,
741 793 920 882 Genuaque
943 814 978 858 ac
1002 790 1147 857 Venetiae
1169 791 1245 879 ipsae
1272 789 1306 856 in
1331 788 1450 857 multas

276 937 377 986 terras
391 919 564 1007 imperium
576 914 801 998 extenderant,
819 939 942 983 merces
956 913 1078 982 facilius
1094 932 1282 982 extrusurae.

317 1043 392 1126 Jam
419 1042 453 1108 in
480 1042 588 1131 priore
614 1040 740 1108 fabula¹
764 1041 923 1129 praecipua
950 1039 1108 1107 Goldonii
1131 1060 1269 1125 persona
1292 1056 1453 1104 mercator

275 1163 377 1232 fuerat
390 1191 400 1249 3
415 1166 450 1232 in
465 1165 710 1233 Mercatoribus²
725 1183 833 1233 autem
849 1163 889 1232 de
902 1185 937 1230 re
951 1164 1018 1251 ipsa
1031 1162 1222 1228 mercatoria
1239 1161 1346 1248 agitur
1366 1179 1452 1227 tota·

277 1310 341 1376 que
362 1287 469 1354 fabula
491 1289 555 1355 hoc
579 1311 647 1354 uno
669 1287 799 1377 pendet.
833 1286 882 1354 Ibi
905 1286 995 1353 enim
1023 1284 1181 1373 praecipue
1205 1283 1299 1350 nobis
1327 1305 1452 1372 propo-

276 1429 400 1478 nuntur
414 1409 540 1478 fortuiti
555 1433 658 1493 casus,
674 1410 792 1501 quibus
806 1409 994 1477 mercatoris
1009 1409 1137 1476 animus
1153 1407 1296 1495 angitur,
1312 1407 1452 1496 pericula

275 1532 419 1602 timenda
432 1555 469 1601 ac
481 1533 576 1601 bonae
585 1557 669 1623 spes,
681 1556 754 1624 quae
763 1534 901 1600 vicissim
911 1553 987 1599 eum
995 1533 1129 1619 agitant.
1141 1531 1291 1611 Pantal0,
1303 1531 1451 1598 Venetus

276 1658 413 1744 origine,
431 1657 551 1746 probus
565 1659 673 1746 reique
688 1681 754 1724 suae
769 1657 1020 1736 intentissimus,
1035 1653 1203 1740 fortunam
1225 1673 1322 1743 atque
1344 1655 1451 1722 existi·

276 1781 456 1847 mationem
469 1803 570 1870 prope
582 1780 763 1870 perditurus
778 1799 838 1861 est,
854 1780 928 1870 quia
944 1777 1000 1844 filii
1014 1778 1177 1862 dissoluti,
1192 1780 1354 1860 aleatoris,
1364 1777 1449 1845 fura-

276 1903 321 1969 cis
335 1904 527 1971 etiamvitiis
544 1905 685 1970 nimium
701 1903 859 1991 indulget,
877 1904 971 1992 eique
986 1903 1166 1990 opponitur
1179 1903 1260 1972 alter
1276 1920 1448 1983 mercator,

277 2026 414 2094 batavus
437 2044 547 2112 gente,
573 2026 776 2094 sedatissimo
802 2028 928 2109 animo,
948 2023 1004 2092 sed
1023 2047 1099 2112 erga
1122 2028 1245 2094 amicos
1269 2025 1449 2108 officiosus,

276 2173 464 2239 quanquam
490 2150 661 2218 utilitatem
685 2173 776 2218 suam
801 2174 870 2218 non
893 2150 1030 2218 omittit.
1058 2150 1162 2237 Magis
1185 2150 1289 2240 placet
1317 2151 1449 2240 quidem

274 2273 461 2340 Pantalonis
475 2273 606 2341 liberior
618 2273 764 2357 indoles;
790 2277 860 2363 ejus
875 2292 986 2342 autem
1002 2275 1101 2342 nimia
1121 2273 1253 2343 facilitas
1277 2294 1310 2342 et
1328 2275 1388 2364 ipsi
1416 2294 1450 2342 et

274 2395 342 2463 filio
357 2414 468 2478 nocet,
485 2421 552 2487 quo
567 2399 719 2485 morigeri
732 2416 837 2487 patres
852 2397 973 2466 utiliter
987 2397 1095 2466 doceri
1104 2418 1263 2486 possunt3
1277 2421 1447 2489 nunquam

276 2520 364 2587 enim
378 2543 510 2588 morum
524 2520 796 2610 corrigendorum
813 2521 1014 2590 obliviscitur
1030 2539 1140 2611 poeta.

322 2644 451 2711 Venatus
472 2645 667 2712 causidicus3
693 2644 823 2734 plebeiae
848 2645 1025 2734 tragoediae,
1050 2669 1122 2735 quae
1142 2645 1386 2714 conditionibus
1413 2646 1448 2714 in

276 2789 413 2832 scaenam
428 2767 560 2856 prolatis
570 2786 712 2851 constat,
723 2770 849 2857 insigne
860 2769 1044 2858 exemplum
1060 2772 1200 2858 proponi
1211 2789 1330 2858 potest.
1344 2770 1448 2859 Cujus

275 2889 387 2959 fabulae
401 2893 578 2981 praecipuus
593 2912 684 2960 actor
698 2896 731 2959 in
746 2894 943 2982 provinciale
958 2892 1123 2983 quoddam
1141 2895 1356 2981 municipium
1374 2916 1450 2960 cau-

274 3035 342 3082 sam
361 3011 550 3082 defensurus
574 3017 760 3101 arcessituS,
783 3018 981 3099 Rosauram,
1003 3017 1128 3085 clientis
1149 3021 1198 3084 sui
1218 3017 1446 3100 adversariam,

274 3137 307 3205 in
327 3158 490 3206 conventu
513 3140 629 3221 visam,
655 3139 798 3229 deperit;
824 3141 879 3208 sed
903 3161 939 3210 ut
962 3143 1104 3209 muneris
1121 3141 1267 3211 officium
1282 3140 1447 3232 decusque

274 3263 442 3349 proprium
468 3283 591 3347 servet,
621 3287 748 3331 causam
781 3285 963 3354 susceptam
997 3265 1177 3356 relinquere
1206 3288 1322 3355 negat,
1356 3267 1448 3335 litem

274 3383 379 3451 immo
396 3384 520 3453 obtinet
535 3385 769 3476 dominamque
783 3387 827 3456 ita
840 3391 1012 3456 exanimat.
1031 3391 1200 3457 Damnum
1217 3410 1340 3472 tamen,
1357 3390 1446 3480 quod

274 3526 389 3593 praeter
411 3508 615 3577 voluntatem
636 3510 723 3593 fecit,
741 3512 884 3580 Rosaura
904 3532 1005 3580 uxore
1024 3513 1120 3581 ducta
1139 3515 1249 3604 reique
1268 3533 1334 3581 suae
1349 3516 1446 3604 parti·

275 3630 343 3717 cipe
357 3628 453 3712 facta,
469 3651 605 3721 reparat.

320 3837 522 3908 Offendit'in
543 3841 703 3933 plerisque
724 3843 913 3931 hujusmodi
930 3845 1042 3912 fabulis
1061 3846 1161 3913 nimia
1181 3866 1278 3937 atque
1300 3846 1446 3916 affectata

273 3963 373 4028 animi
393 3963 559 4049 mollities,
580 3967 639 4033 hac
658 3984 751 4034 aetate
769 3969 802 4034 in
821 3969 935 4036 litteris
955 3969 1129 4059 praevalens
1148 3971 1341 4060 pestilentia,
1367 3995 1446 4040 con·

273 4083 361 4172 tagio
383 4086 526 4174 quodam
549 4074 719 4176 singulari,
744 4089 833 4180 quod
855 4111 933 4160 tunc
954 4093 1119 4183 Europam
1142 4109 1245 4162 totam
1272 4096 1441 4164 invaserat.

274 4207 473 4298 Quanquam
498 4229 587 4278 extra
610 4211 737 4280 ltaliam
759 4234 883 4298 ortum,
907 4217 941 4282 in
961 4217 1129 4306 peninsula
1151 4217 1240 4287 brevi
1263 4215 1445 4308 percrebuit

274 4331 439 4420 saeviitque
462 4355 480 4398 a
501 4333 687 4402 Metastasio
710 4360 812 4425 usque
833 4337 872 4405 ad
889 4339 1093 4407 Goldonium
1109 4339 1323 4430 abbatemque
1344 4342 1443 4410 Chia·

311 4579 334 4619 r.
357 4565 395 4617 La
409 4565 487 4618 banca
501 4573 567 4620 rolla
582 4565 686 4638 (1740).

308 4675 334 4716 2.
355 4660 373 4714 Ι
384 4665 507 4716 mercanti
521 4665 626 4735 (1753).

313 4769 337 4827 3.
357 4753 509 4811 l’avvocato
522 4761 669 4830 veneriam).
