3588 5680
358 663 401 730 90
530 663 574 710 DE
599 662 780 710 Gouuottto
809 660 951 710 ITALlCAE
976 660 1097 708 SCAENAE
1121 657 1358 706 CORRECTORE.

359 803 442 872 bello
456 802 634 892 agitabatur
648 803 719 893 quis
736 801 882 870 Polonici
892 819 947 868 aut
957 801 1115 868 Austriaci
1130 800 1220 890 regni
1236 798 1447 868 hereditatem
1458 822 1526 866 sus·

359 931 490 1017 ciperet.
509 927 572 996 Sed
586 926 666 995 nihil
681 926 720 996 de
733 927 792 996 ista
805 947 902 1015 gente
919 948 991 993 vere
1013 926 1181 1016 proprium
1201 925 1235 992 in
1250 925 1388 992 rimante
1408 925 1524 990 milite¹

359 1075 487 1120 cernere
510 1075 704 1142 possumus;
726 1053 826 1120 cuivis
844 1050 997 1118 fabulosae
1016 1051 1209 1118 narrationis
1230 1049 1322 1116 heroi
1342 1047 1454 1116 similis
1479 1066 1527 1115 est

361 1203 377 1241 <r
394 1177 460 1246 don
474 1178 599 1246 Alonso
613 1203 646 1258 u,
663 1177 814 1266 hispanus
838 1174 1036 1258 adulescens,
1051 1176 1107 1263 qui
1131 1173 1272 1264 signiferi
1294 1197 1414 1242 munus
1428 1174 1523 1262 gerit.

360 1302 498 1371 Pulcher
524 1324 560 1369 ac
582 1301 687 1386 fortis,
720 1303 900 1370 Rosauram
928 1298 1051 1389 perdite
1080 1318 1179 1381 amat,
1205 1300 1312 1366 veneti
1338 1298 1526 1366 mercatoris

357 1426 543 1495 Pantalonis
557 1425 668 1510 filiam,
680 1449 790 1515 quam,
803 1424 886 1494 bello
897 1445 1038 1513 peraet0,
1049 1447 1186 1494 uxorem
1196 1423 1364 1505 ducturus,
1377 1421 1525 1492 officium

359 1572 454 1618 suum
483 1551 634 1639 resignat.
661 1551 747 1616 Huic
771 1549 899 1618 bonesti
921 1549 1069 1639 exemplo
1095 1547 1274 1639 opponitur
1297 1546 1428 1640 quidam
1452 1545 1526 1614 sub·

358 1673 518 1756 centurio,
544 1700 561 1738 r
587 1673 652 1741 don
676 1674 789 1742 Gatcia
813 1699 828 1737 n
852 1675 1001 1756 nomine,
1025 1673 1079 1763 qui
1102 1691 1222 1741 temere
1242 1695 1356 1740 omnes
1376 1669 1526 1738 mulieres

356 1817 442 1864 amat
466 1816 498 1865 et
521 1819 615 1887 aequo
639 1799 749 1865 animo
775 1821 826 1865 eas
855 1796 1065 1887 derelinquit,
1095 1799 1364 1886 quotiescumque
1392 1792 1525 1862 hiberna

358 1941 538 1990 mutantur.
551 1924 667 1989 Melius
682 1923 856 2011 imaginem
867 1921 1010 1990 nobilem
1021 1939 1138 2004 servat,
1150 1922 1263 2012 quaein
1275 1920 1385 1989 animo
1395 1916 1525 2000 insidet,

359 2065 434 2112 cum
458 2043 497 2112 de
523 2047 677 2134 Hispania
698 2048 891 2133 cogitamus,
911 2045 1008 2115 odon
1032 2045 1158 2113 Sanche
1178 2071 1209 2127 u,
1230 2046 1377 2113 centurio
1395 2043 1526 2111 Alonsi·

359 2193 422 2258 que
444 2169 633 2251 avunculus,
657 2171 712 2258 qui
736 2188 889 2258 nepotem
913 2168 969 2236 filii
989 2168 1062 2236 loco
1084 2167 1200 2256 diligit,
1227 2191 1286 2236 nee
1308 2186 1430 2249 tamen,
1455 2190 1527 2255 quae

359 2293 474 2361 ducem
489 2291 592 2374 decet,
609 2293 810 2360 severitatem
824 2316 968 2382 unquam
987 2289 1122 2361 omittit.
1138 2293 1291 2361 Veterani
1313 2292 1396 2360 illius
1416 2292 1526 2360 militis

358 2415 469 2499 facies,
495 2436 567 2485 toto
598 2435 754 2485 terrarum
779 2417 857 2485 orbe
886 2418 1039 2499 lustrato,
1064 2417 1240 2485 multarum
1264 2419 1436 2504 regionum
1458 2417 1527 2484 sole

359 2541 483 2620 adusta,
500 2537 610 2610 Caroli
625 2541 741 2624 Quinti
756 2541 959 2632 Philippique
973 2539 1105 2609 secundi
1120 2539 1385 2609 commilitonum
1399 2563 1527 2609 memo-

359 2661 439 2732 riam
458 2684 600 2746 revocat,
622 2689 764 2756 quorum
785 2688 983 2733 successores
1003 2664 1086 2756 apud
1106 2667 1232 2754 Rupem
1253 2651 1386 2752 Regiam
1401 2662 1526 2733 cecide-

361 2805 450 2872 runt,
465 2790 597 2879 antiqua
611 2785 703 2857 laude
719 2788 799 2859 cladi
814 2792 997 2879 superstite.

407 2913 715 3001 Septentrionalium
729 2915 878 3001 gentium
892 2912 1073 2993 dissimiles,
1091 2936 1232 2980 necnon
1248 2936 1434 2982 severorum
1450 2915 1526 2982 His·

359 3055 533 3123 panorum,
551 3036 636 3102 Galli
655 3036 844 3124 agitatione,
865 3053 973 3118 motu,
994 3037 1135 3126 benigno
1155 3037 1279 3121 habitu,
1300 3039 1333 3105 in
1350 3039 1525 3127 pugnando

358 3161 494 3246 impetu,
510 3181 547 3225 ac
562 3158 716 3246 depositis
730 3161 839 3241 armis,
852 3159 972 3250 hospiti
987 3160 1132 3250 placendi
1146 3158 1268 3245 studio,
1280 3161 1318 3228 ad
1334 3185 1431 3251 quem
1441 3163 1526 3229 forte

358 3283 567 3365 devenerant,
584 3283 670 3350 Italis
686 3285 893 3351 mirationem
908 3283 1094 3353 movebant.
1114 3285 1202 3352 Cum
1218 3284 1406 3353 mulieribus
1420 3285 1527 3354 indul-

349 3403 475 3495 gebant
496 3410 612 3493 amoti,
635 3431 711 3475 cum
734 3409 839 3497 pueris
861 3406 1025 3492 ludebaht,
1048 3428 1081 3475 et
1101 3409 1220 3498 ubique
1244 3411 1339 3477 novis
1365 3409 1522 3494 moribus,

325 3519 330 3527 ¹
357 3556 440 3621 quos
467 3535 609 3623 primum
631 3533 829 3620 spectabant,
853 3532 966 3621 puerili
988 3532 1125 3622 quadam
1145 3535 1359 3622 simplicitate,
1382 3534 1525 3603 oblecta-

359 3657 488 3726 bantur.
506 3658 575 3739 Qui
591 3657 749 3746 stipendia
764 3680 831 3723 non
847 3656 1025 3737 merebant,
1042 3677 1098 3724 aut
1114 3656 1207 3725 aulici
1222 3677 1326 3739 erant,
1343 3660 1398 3749 qui
1415 3659 1524 3727 Ludo·

358 3781 417 3847 ¹vici
429 3782 532 3872 quinti
544 3780 660 3848 decimi
673 3779 771 3847 filiam
785 3780 819 3847 in
836 3804 960 3848 novum
975 3781 1147 3849 Parmense
1162 3805 1298 3871 regnum
1315 3801 1405 3850 etant
1420 3787 1524 3852 comi-

358 3901 428 3988 tati,
443 3924 497 3971 aut
513 3906 607 3986 servi,
625 3905 680 3994 qui
695 3928 767 3972 eros
783 3921 858 3972 suos
870 3905 1015 3974 imitandi
1027 3905 1146 3994 cupidi,
1159 3928 1272 3974 eorum
1284 3909 1361 3975 vitia
1375 3909 1408 3975 in
1419 3911 1523 3998 majus

357 4026 527 4111 tollebant,
537 4047 591 4095 aut
607 4028 785 4112 saltatores,
797 4027 985 4116 capillorum
995 4031 1255 4113 concinnatores,
1266 4031 1317 4097 vel
1328 4033 1439 4120 coqui,
1452 4032 1523 4121 qui-

357 4151 416 4218 bus
437 4152 471 4217 in
491 4152 611 4218 artibus
631 4172 739 4219 nostra
760 4173 839 4236 gens
860 4171 937 4219 tunc
956 4150 1139 4220 excellebat.
1168 4155 1294 4243 Itaque,
1315 4177 1390 4221 cum
1410 4174 1524 4244 postea

360 4275 604 4344 Commentarios
623 4277 747 4363 scripsit
770 4275 967 4357 Goldonius‚
988 4279 1115 4344 veniam
1137 4279 1239 4365 petiit,
1262 4277 1351 4368 quod
1374 4279 1408 4345 in
1432 4281 1522 4368 pejus

354 4398 500 4487 gallicam
514 4398 676 4466 indolem2
689 4400 832 4486 primum
847 4399 1052 4489 depinxisset.
1070 4400 1200 4489 Allegat
1210 4425 1244 4469 se
1259 4402 1402 4492 quidem,
1414 4405 1522 4494 quales

394 4707 416 4746 1.
437 4690 569 4744 L'amanle
582 4690 703 4746 militare,

391 4802 416 4842 a.
437 4787 499 4844 Vid.
516 4789 554 4841 La
567 4788 660 4842 vedova
673 4788 774 4844 acaltra.
