3588 5680
330 668 391 720 120
500 671 544 722 DE
570 669 753 717 ootootuo
780 665 922 715 lTALlCAE
947 661 1067 712 SCAENAE
1091 659 1328 710 CORRECTORE.

323 811 450 900 illisque
467 809 663 878 simillimam
681 829 759 899 quas
778 810 811 874 in
830 803 922 875 Italia
941 822 1025 872 actas
1048 799 1168 870 viderat
1185 797 1381 868 Goldonius.
1401 799 1498 868 Citis-

326 939 406 1005 sime
430 932 570 1004 fabulam
589 933 694 1002 soluta
714 933 863 1001 oratione
887 929 1010 1019 scripsit
1035 925 1208 1008 Molierus3
1235 943 1365 994 tantum
1388 943 1497 994 autem

327 1063 355 1132 ei
386 1079 451 1129 erat
483 1061 668 1147 ingenium,
698 1076 735 1127 ut
765 1054 945 1150 quamlibet
977 1053 1163 1136 materiam,
1191 1052 1250 1118 etsi
1279 1049 1495 1134 mitissimam,

326 1203 461 1253 tractare
475 1185 635 1273 nequiret,
652 1203 750 1274 quam
766 1205 835 1251 non
850 1203 907 1248 sua
923 1197 1002 1248 nota
1016 1179 1050 1245 in
1064 1194 1224 1245 aeternum
1238 1177 1389 1264 signaret.
1407 1175 1497 1243 Dum

327 1307 365 1378 ad
381 1327 535 1379 eventum
555 1305 698 1391 festinat,
721 1329 780 1375 nec
804 1304 934 1394 longius
952 1301 1105 1372 disserere
1127 1299 1267 1384 videtur,
1283 1299 1385 1368 multa
1406 1297 1494 1383 dicit,

326 1457 398 1524 quae
412 1431 561 1503 dissoluti
577 1434 723 1500 animum
739 1432 868 1523 penitus
883 1430 1057 1512 illustrant,
1072 1426 1256 1517 viribusque
1265 1423 1365 1494 fretus
1379 1424 1497 1492 anilem

325 1556 465 1626 fabulam
480 1581 548 1626 non
563 1555 697 1639 fastidit,
713 1557 747 1623 in
770 1579 832 1645 qua
852 1575 959 1624 tamen
976 1576 1009 1622 se
1024 1571 1055 1620 et
1070 1550 1304 1643 philosophum
1317 1568 1348 1619 et
1367 1567 1497 1640 poetam

326 1682 506 1766 maximum
520 1683 627 1749 visum
641 1681 679 1749 iri
694 1679 888 1750 confidebat.

373 1804 602 1873 Delicatiorem
628 1827 661 1872 se
689 1801 876 1873 Goldonius
899 1804 932 1870 in
961 1799 1077 1888 fabula,
1103 1821 1214 1891 quam,
1238 1800 1354 1868 eodem
1383 1799 1496 1868 titulo¹

327 1948 473 2020 sumpt0,
488 1931 626 2020 scripsit,
646 1949 873 2020 praestaturum
893 1951 960 1995 esse
980 1925 1150 1995 arbitratus
1171 1944 1232 1995 est.
1250 1926 1312 1993 Dei
1331 1927 1418 1993 enim
1434 1949 1498 1993 no-

327 2079 402 2123 men
419 2079 460 2123 ne
474 2074 649 2146 usurpetur
671 2075 761 2122 cavet
786 2057 820 2120 in
837 2051 1012 2137 comoedia,
1029 2075 1101 2141 quae
1119 2049 1259 2118 manime
1276 2048 1499 2139 religiosa'fide

326 2203 401 2247 cum
414 2179 614 2248 validissimis
634 2176 798 2246 affectibus
821 2202 1016 2267 summoque
1034 2165 1134 2244 diuini
1150 2177 1293 2244 numinis
1308 2192 1497 2264 contemptu

329 2307 472 2375 luctante
494 2302 643 2371 valuisset
672 2321 717 2387 et,
743 2325 930 2392 quanquam
958 2299 1193 2369 recentioribus
1223 2298 1421 2389 temporibus
1449 2321 1498 2365 res

326 2432 442 2518 agitur,
460 2425 652 2517 generaliter
662 2445 791 2496 tantum
802 2427 841 2496 de
854 2426 951 2511 coelo,
964 2425 1004 2496 de
1014 2425 1202 2495 numinibus
1214 2426 1358 2516 loquitur
1367 2425 1511 2514 aliisque·

328 2554 516 2643 hujusmodi
537 2555 640 2622 utitur
664 2553 781 2636 verbis,
798 2577 869 2644 quae
893 2572 969 2621 tunc
990 2551 1149 2630 nobiliora
1163 2569 1195 2619 et
1214 2550 1379 2638 tragoedico
1398 2549 1505 2638 magis·

329 2680 557 2748 convenientia
570 2661 732 2770 plerisque
745 2677 949 2747 videbantur.

376 2808 418 2874 Ut
435 2830 544 2874 veram
560 2808 722 2874 rationem
734 2808 874 2874 strictius
885 2787 1085 2896 insequatur,
1098 2797 1228 2871 servum
1239 2789 1336 2870 etiam
1347 2800 1497 2884 excludit,

328 2953 393 3020 quo
411 2947 477 2996 tam
493 2927 625 2996 feliciter
641 2953 716 2996 usus
732 2948 797 2996 erat
814 2928 982 3010 Mulierus,
999 2951 1040 2995 ne
1053 2925 1196 2994 candidae
1215 2925 1303 3007 fidei,
1320 2943 1374 2992 aut
1392 2925 1499 3015 potius

327 3054 448 3121 territae
465 3052 702 3141 superstitionis
728 3052 867 3140 speciem
886 3050 1038 3139 praebeat,
1056 3073 1119 3139 qua
1135 3070 1203 3118 tam
1217 3048 1319 3117 valida
1339 3071 1414 3116 cum
1432 3047 1499 3117 erili

328 3176 492 3264 impietate
506 3176 670 3264 oppositio
685 3174 733 3242 fit.
747 3176 841 3242 Hanc
852 3176 939 3242 enim
954 3175 1154 3263 impietatem
1169 3175 1303 3242 nimiam
1318 3175 1499 3264 vituperan-

330 3299 467 3391 damque
485 3320 593 3369 censet
615 3288 814 3385 Goldonius,
832 3327 848 3365 (ι
867 3323 938 3390 quae
957 3297 1071 3368 talibus
1094 3299 1178 3388 apud
1200 3300 1375 3368 Mulierum
1395 3302 1500 3389 expri-

331 3428 429 3495 mitur
445 3427 562 3512 verbis,
579 3446 615 3494 ut
633 3445 664 3494 et
683 3426 830 3494 dissoluti
845 3427 904 3514 ipsi
927 3421 1146 3508 offendantur,
1162 3427 1219 3510 ait,
1235 3427 1411 3516 praesertim
1426 3449 1501 3494 cum

330 3556 468 3622 animata
488 3574 590 3623 statua
612 3556 645 3622 in
666 3578 805 3622 scaenam
825 3552 971 3644 procedit
985 3571 1017 3621 et
1037 3554 1183 3642 loquitur
1198 3551 1375 3643 >›.‘Itaque,
1393 3571 1433 3620 ne
1449 3553 1501 3619 cui
1564 3583 1565 3588 ¹

331 3680 482 3768 nequitiae
502 3679 645 3768 exempla
665 3677 836 3768 praeberet,
856 3700 938 3745 neve
957 3676 1114 3744 increduli
1137 3675 1335 3763 deriderent,
1361 3696 1500 3747 statuam

331 3802 535 3870 incedentem
549 3803 735 3892 suppressit,
751 3801 864 3870 fabulae
878 3799 942 3869 fine
959 3820 1100 3871 mutato.
1122 3801 1271 3871 Fulmiue
1291 3802 1421 3892 quidem
1441 3805 1502 3871 im·

333 3928 402 4015 pius
417 3928 608 4016 percutitur,
624 3953 639 3991 a
652 3929 725 4017 quia
737 3951 865 3995 necesse
880 3929 921 3994 sit
932 3944 968 3994 ut
977 3925 1146 4016 improbus
1159 3949 1291 4016 poenam
1301 3907 1404 3995 soluat
1416 3927 1501 3995 debi-

334 4071 413 4134 tam,
436 4073 494 4117 nec
508 4069 618 4117 autem
630 4048 769 4119 coelestis
786 4051 928 4117 numinis
945 4051 1025 4132 ictu,
1043 4070 1079 4118 ut
1093 4051 1136 4116 ita
1152 4049 1269 4132 dicam,
1285 4053 1434 4139 propri0;
1453 4074 1501 4118 res

334 4175 421 4241 enim
436 4175 479 4240 ita
495 4174 650 4240 instructa
667 4193 726 4255 est,
745 4193 781 4242 ut
796 4194 930 4242 eventus
941 4176 1038 4242 etiarn
1056 4165 1235 4242 minoribus
1245 4172 1386 4242 accidere
1401 4177 1501 4243 causis

333 4301 447 4388 possit,
460 4323 532 4389 quae
542 4317 650 4366 tamen
662 4299 777 4367 divinae
788 4300 1000 4390 providentiae
1010 4298 1132 4390 legibus
1142 4322 1269 4389 semper
1282 4311 1456 4389 reguntur²
1467 4327 1499 4368 ».

377 4413 510 4506 Melius,
534 4447 605 4492 mea
630 4423 761 4515 quidem
786 4428 963 4508 sententia,
989 4427 1104 4515 egisset
1128 4424 1330 4510 GoldoniuS,
1356 4427 1381 4491 si
1405 4424 1500 4492 talem

372 4735 395 4774 1.
416 4719 477 4772 Dan
492 4717 626 4772 Giouannt'
641 4717 748 4771 Tenorio
763 4734 780 4770 o
796 4717 822 4780 ll
834 4716 959 4771 dissoluto.

371 4833 395 4872 2.
417 4817 561 4881 Mc'moires,
575 4827 593 4872 t.
613 4816 633 4888 Ι,
650 4833 677 4890 p.
696 4831 756 4885 310.
