3600 5682
610 647 733 700 QUALIS
759 647 883 694 FUERIT
909 647 1123 694 GOLDONIUS.
1435 649 1453 714 9

281 785 373 852 Adde
383 783 503 852 flebiles
514 784 709 852 comoedias¹
726 783 1450 876 aliasquequarumactiotantum,nonverba,

281 911 430 978 scribitur
440 921 464 991 ²,
482 927 538 976 ant
552 909 696 976 cantibus
712 917 841 978 ornatas
854 923 878 991 ³,
893 932 947 976 aut
962 911 1106 977 versibus
1128 909 1326 997 compositas
1337 921 1362 976 ⁴.

327 1035 419 1115 Quas
436 1035 523 1100 inter
535 1031 654 1099 fabulas
669 1049 701 1098 et
715 1056 780 1114 eas,
795 1057 872 1122 quas
887 1035 1009 1122 priores
1025 1031 1205 1117 ediderant,
1223 1027 1298 1100 non'
1312 1031 1454 1098 multum

281 1159 424 1240 interest.
455 1157 601 1222 Primum
632 1174 742 1223 tamen
766 1158 976 1224 correctionis
1001 1154 1227 1225 rudimentum
1252 1157 1285 1222 in
1315 1156 1454 1222 Domino

277 1281 424 1364 Joanne⁵
450 1301 580 1347 cernere
610 1298 668 1348 est.
692 1281 753 1347 Via
777 1303 853 1347 sane
878 1303 946 1346 non
972 1279 1076 1347 adbuc
1100 1278 1182 1347 bene
1207 1279 1351 1364 firmata,
1377 1301 1453 1346 nam

282 1403 435 1492 paulatim
451 1420 581 1496 tantum
601 1426 637 1468 ac
659 1402 776 1470 timido
798 1402 899 1491 gradu
918 1420 1014 1494 poeta
1034 1401 1166 1482 incedit,
1189 1421 1220 1469 et
1244 1400 1360 1482 multa,
1382 1425 1454 1490 quae

281 1525 423 1609 obstant,
445 1528 473 1593 ei
497 1524 675 1614 superanda
694 1545 770 1593 sunt
781 1553 791 1610 ;
813 1524 869 1592 sed
883 1527 948 1612 jam
967 1526 1136 1613 ingenium
1150 1523 1258 1593 studio
1274 1523 1454 1613 performa-

282 1668 367 1730 tnm,
387 1673 454 1738 quo
470 1647 593 1730 tendat,
609 1649 723 1716 clarius
738 1649 901 1738 perspicit,
917 1671 990 1732 nec,
1006 1668 1166 1738 quantum
1189 1649 1263 1715 vitre
1282 1647 1452 1737 supererit,

282 1771 406 1840 desinet
423 1771 608 1841 Goldonius
624 1775 790 1862 inceptum
804 1773 964 1861 persequi.

327 1897 442 1979 Qualis
457 1899 497 1964 sit
510 1900 559 1964 vir
572 1901 636 1986 jam
652 1914 823 1964 noscentes
837 1899 905 1986 ejus
921 1919 1018 1985 opera
1033 1896 1225 1985 perscrutari
1241 1893 1410 1962 debemus.

290 2168 295 2178 ’
314 2192 340 2234 ι.
357 2181 480 2250 Exempli
494 2169 594 2252 gratia:
611 2182 637 2235 ΙΙ
651 2181 716 2234 buon
726 2180 817 2252 padre,
832 2170 939 2234 alias‘Il
952 2172 1019 2234 buon
1031 2169 1129 2234 vecchio
1143 2181 1247 2252 (1730).
1324 2171 1328 2181 ’

317 2295 342 2335 2.
366 2279 402 2332 Le
413 2280 545 2333 trentaduc
558 2281 687 2351 dirgrarie
696 2279 729 2332 ‘di
741 2278 890 2332 Arlecchr'no
902 2278 1007 2350 (1739).

318 2390 341 2442 3.
362 2376 544 2430 Amalassunta
556 2377 661 2449 (1732),
677 2377 800 2447 Lucrep'a
814 2391 920 2429 romana
932 2375 1037 2448 (1737),
1055 2375 1196 2429 Germondo
1209 2375 1314 2448 (1739).

316 2486 342 2537 4-
365 2472 515 2545 lapurdo
529 2473 635 2546 (1734)-

289 2577 297 2588 ²
319 2583 343 2637 ς,
365 2565 426 2622 Don
441 2569 574 2624 Giotunnr'
590 2569 697 2624 Tenorr‘n
711 2585 729 2624 o
745 2567 770 2621 il
779 2566 926 2637 dissoluto(
946 2584 959 2636 7
965 2567 1018 2638 36).
