3600 5682
300 1336 386 1392 QUID
411 1335 634 1384 CORRIGENDO
659 1335 830 1398 THEATRO,
857 1335 1029 1391 QUANTUM
1057 1335 1102 1382 AD
1131 1337 1230 1383 MORES
1258 1335 1463 1398 PERTINEAT,

679 1478 864 1527 EFFECERIT
888 1475 1089 1525 GOLDONIUS

342 2025 412 2094 Nec
433 2026 540 2092 minus
554 2023 688 2111 urgebat
704 2047 810 2094 mores
832 2022 1012 2111 corrigendi
1031 2047 1129 2115 quarn
1148 2024 1323 2092 exactiores
1342 2022 1463 2093 fabulas

298 2148 452 2218 reddendi
471 2150 652 2217 necessitas.
670 2149 719 2217 Ex
738 2168 878 2238 utroque
897 2149 1134 2218 comoediarum
1149 2171 1279 2237 genere,
1300 2172 1372 2241 quae
1386 2169 1461 2218 ante

298 2274 502 2344 Goldouium
512 2275 719 2359 exsistebant,
733 2272 818 2343 haud
828 2272 917 2344 facile
928 2274 1048 2342 diceres
1058 2293 1170 2343 utrum
1181 2275 1282 2362 magis
1295 2273 1464 2346 honestate

297 2419 427 2470 careret.
446 2400 657 2491 Popularibus
675 2401 783 2492 potius
798 2401 925 2469 veniam
940 2397 1165 2487 concederem,
1187 2424 1272 2492 quae,
1289 2402 1348 2470 etsi
1369 2400 1463 2470 b'onis

298 2526 441 2595 moribus
455 2525 675 2612 offendebant,
692 2517 878 2595 inconsulto
892 2525 990 2609 forte,
1007 2549 1066 2594 nec
1083 2527 1166 2595 bene
1181 2527 1330 2610 consciae,
1351 2548 1463 2615 pecca·

297 2652 384 2721 bant.
404 2653 551 2720 Crassior
565 2653 652 2719 enim
667 2675 765 2742 quam
780 2651 990 2734 luxuriosior,
1006 2650 1167 2741 popularis
1185 2651 1346 2720 comoedia
1363 2651 1470 2741 plebis'

294 2777 406 2844 similis
421 2795 502 2861 erat,
518 2799 590 2866 quae
605 2775 764 2868 voluptati
779 2776 866 2846 rudis
883 2777 1138 2867 naturaeirnpetu
1153 2777 1344 2867 plerumque
1358 2775 1462 2845 indul·

295 2917 361 2988 get,
376 2899 456 2969 dum
478 2899 601 2969 erudita
622 2899 782 2969 foedarum
803 2923 911 2968 rerum
932 2901 1091 2969 concinne
1111 2918 1298 2970 ornatarum
1319 2902 1460 2970 nitorem

294 3025 505 3116 excoquebat.

337 3151 570 3219 Periculosiora
584 3170 693 3220 autem
707 3150 792 3219 fiunt
805 3152 945 3220 obscene
958 3170 1058 3240 gesta,
1077 3175 1152 3219 cum
1171 3151 1337 3242 exquisitis
1356 3152 1460 3220 verbis

292 3275 450 3344 velantur.
465 3277 649 3344 Purissimae
660 3295 760 3345 tuscae
775 3278 931 3346 orationis
944 3275 1163 3345 blandimenta
1176 3275 1346 3347 Calandrae
1359 3276 1460 3345 ambi·

292 3422 366 3488 gua,
378 3420 410 3469 et
421 3399 561 3484 subtilia,
579 3425 651 3493 quae
661 3401 769 3491 prodit
782 3404 815 3469 in
826 3403 1044 3492 Mandragora
1053 3401 1252 3470 Timotheus
1265 3402 1458 3484 monachus,

292 3522 462 3594 abdebant.
489 3526 579 3608 Quid
604 3549 622 3593 e
650 3525 808 3594 Talantae¹
835 3528 966 3594 materia
991 3525 1099 3594 fecerit
1117 3527 1269 3593 Aretinus
1292 3527 1459 3615 praesagire

293 3673 360 3719 non
384 3649 512 3719 difficile
535 3668 602 3736 est3
630 3651 750 3719 Ariosti
773 3647 900 3732 fabulae,
928 3669 995 3718 tam
1014 3668 1110 3719 acuto
1132 3648 1206 3719 stilo
1229 3651 1366 3739 scriptae,
1390 3674 1456 3718 non

293 3775 398 3843 multo
413 3777 534 3865 potius,
551 3777 577 3842 si
590 3772 729 3843 fundum
746 3767 906 3866 exquiras,
929 3773 1027 3864 quam
1047 3793 1161 3844 ceterae
1179 3774 1313 3844 eruditae
1333 3798 1457 3844 comoe-

292 3899 351 3968 diae
373 3900 494 3970 valent.
518 3900 667 3991 Ubique²
692 3902 779 3968 enim
801 3922 932 3968 morum
953 3902 1169 3985 contumacia,
1191 3920 1226 3970 ut
1242 3902 1456 3969 inveteratum

291 4025 419 4112 vulnus,
441 4043 636 4109 ostentatur,
654 4025 742 4116 quod
757 4027 917 4094 occultare
932 4048 1032 4094 nemo
1045 4030 1110 4116 jam
1125 4024 1275 4095 attendit.
1293 4053 1309 4091 x
1333 4026 1411 4096 Haec
1431 4028 1457 4093 si

292 4149 348 4220 tibi
358 4150 464 4220 fabula
473 4153 588 4242 saepius
605 4151 784 4220 honestatis
799 4150 879 4219 fines
895 4151 1072 4240 transgredi
1084 4152 1222 4234 videtur,
1239 4153 1281 4220 ait
1297 4151 1409 4220 Dulcis
1423 4154 1456 4220 in

290 4274 453 4363 prooemio
470 4274 559 4364 quod
575 4275 832 4343 Adulescentulo³
849 4276 1069 4365 anteponitur,
1081 4276 1166 4345 bona
1175 4277 1267 4345 venia
1283 4273 1454 4356 concedas,

327 4541 348 4579 1.
371 4525 409 4580 Lo
425 4523 540 4590 Talenta,
551 4526 608 4580 sive
623 4525 802 4583 Meretricula.

324 4639 349 4678 2.
370 4622 440 4677 Vide
454 4622 563 4690 Cecchi,
581 4623 673 4688 Lasca‚
689 4624 830 4679 Lodovico
844 4624 932 4680 Dolce
949 4625 1110 4682 comoedias.

326 4737 350 4790 3.
372 4719 397 4773 Il
409 4735 529 4792 ragaqqo,
545 4719 634 4774 fabula
649 4738 663 4774 a
679 4723 818 4776 Lodovico
834 4722 919 4776 Dolce
935 4726 1093 4794 composita.
1140 4773 1153 4790 „
