3588 5680
343 663 385 730 74
515 665 560 711 DE
585 663 767 712 Gotnouto
793 665 934 712 l'l'ALlCAE
959 665 1079 713 SCAENAE
1104 665 1343 714 CORRECTORE.

341 800 566 891 profitebatur,
587 825 662 870 nam
684 827 700 867 «
718 823 892 894 antequam
911 801 989 871 furis
1009 826 1107 892 poena
1121 803 1277 886 videatur,
1293 803 1377 892 illius
1392 801 1512 871 fraudi·

341 923 401 993 bus
425 924 479 992 diu
503 925 742 1014 contemplatis,
770 947 872 995 artem
896 927 1003 996 mirati
1027 947 1104 997 sunt
1126 929 1289 1007 homines,
1317 949 1379 1015 qua
1405 949 1513 1016 rapere

341 1047 491 1138 furtaque
514 1048 713 1118 dissimulare
739 1051 880 1139 potuerit
905 1071 950 1133 et,
973 1051 999 1118 si
1021 1074 1038 1118 a
1064 1052 1205 1133 theatro,
1229 1049 1379 1117 nondum
1404 1070 1512 1118 exacta

340 1169 459 1256 fabula,
480 1174 603 1256 exieris,
625 1175 744 1263 rapinae
769 1173 980 1263 disciplinam,
1005 1197 1064 1242 nec
1089 1173 1165 1241 furti
1190 1174 1435 1263 castigationem
1460 1173 1511 1239 vi-

342 1293 478 1366 debis».

387 1421 467 1503 Quo
481 1419 611 1510 quidem
626 1421 761 1488 consilio
776 1420 978 1511 compositus
993 1415 1089 1491 Tutor
1099 1442 1166 1488 non
1178 1439 1246 1488 arte
1256 1443 1312 1487 sua
1323 1419 1361 1486 ad
1374 1417 1513 1486 retinen·

341 1543 400 1613 dos
415 1563 610 1632 spectatores
624 1544 779 1612 fidentem
794 1564 924 1632 poetam
939 1561 1100 1613 monstrat
1109 1567 1119 1627 ;
1135 1544 1245 1634 itaque
1255 1543 1510 1632 diligentissime,

341 1689 382 1734 ne
397 1665 447 1734 vel
461 1689 527 1734 uno
544 1669 698 1756 temporis
715 1687 886 1735 momento
901 1667 1061 1734 levissima
1081 1665 1156 1734 mali
1177 1669 1297 1755 species
1323 1667 1514 1734 ostendere-

341 1809 406 1870 tur,
426 1791 520 1857 cavit.
543 1791 611 1872 Qui
626 1790 800 1879 praecipuas
815 1790 849 1858 in
865 1791 922 1858 hac
938 1788 1100 1858 comoedia
1120 1809 1224 1879 partes
1245 1790 1323 1877 agit,
1344 1789 1511 1871 sollicitus,

340 1910 487 2001 diligens,
504 1913 648 1981 utilitatis
664 1937 730 1981 suae
745 1915 932 1997 immemor,
949 1933 1038 1981 tanta
1053 1935 1128 1980 cura
1143 1911 1288 1980 officium
1305 1913 1401 1980 suum
1418 1913 1512 2000 gerit,

342 2054 378 2103 ut
405 2035 558 2124 pupillam
583 2059 718 2103 uxorem
744 2034 811 2103 filio
836 2036 911 2105 dare
934 2054 1049 2124 neget,
1079 2035 1154 2124 quia
1177 2035 1295 2123 largius
1317 2035 1427 2103 dotata
1452 2052 1512 2114 est,

342 2183 527 2248 quanquam
546 2160 612 2248 ipse
635 2161 832 2248 patrimonio
852 2179 950 2243 caret,
972 2158 1011 2226 ad
1026 2159 1181 2226 tuendam
1197 2158 1389 2248 dignitatem
1405 2159 1439 2226 iu
1455 2159 1513 2225 hac

344 2305 377 2348 re
391 2282 476 2349 forte
491 2284 588 2350 etiam
602 2285 716 2352 acrior.

388 2527 584 2597 Diderotum
623 2531 720 2597 etiam
757 2530 915 2619 praecessit
952 2525 1158 2611 Goldonius,
1195 2549 1270 2595 cum
1305 2530 1340 2595 in
1376 2550 1514 2594 scaenam

343 2650 482 2720 diversas
502 2653 677 2721 hominurn
696 2653 899 2721 conditiones
923 2653 1081 2743 protulit;
1106 2669 1229 2718 naturae
1243 2671 1352 2719 autem
1372 2650 1514 2741 quodam

343 2775 515 2859 instinctu,
541 2778 649 2867 reique
672 2779 813 2843 scaenicae
837 2801 897 2845 usu
919 2778 1065 2865 peritior,
1087 2775 1201 2864 gallico
1223 2772 1419 2862 philosopho
1439 2795 1514 2861 pru·

344 2898 472 2967 dentior
483 2900 554 2968 fuit.
568 2901 767 2990 Quanquam
782 2902 869 2967 enim
886 2900 1043 2967 Goldonii
1057 2921 1203 2988 personae
1217 2917 1337 2965 certam
1354 2897 1514 2964 conditio·

344 3047 420 3090 nem
447 3025 480 3090 in
510 3024 675 3092 nonnullis
701 3024 815 3092 fabulis
850 3043 1062 3113 proponunt,
1098 3023 1227 3112 propria
1262 3041 1370 3089 tamen
1404 3020 1514 3088 indole

344 3147 535 3215 induuntur.
562 3148 596 3214 Si
618 3165 830 3228 mercatores,
855 3147 948 3237 probi
972 3166 1048 3215 sunt
1072 3167 1128 3214 aut
1152 3146 1290 3213 nimium
1316 3145 1510 3234 quaestuosi3

344 3267 371 3337 si
385 3268 524 3360 pattoni,
541 3271 707 3338 clientium
721 3273 790 3358 jura
810 3271 895 3338 bona
913 3290 967 3339 aut
990 3270 1073 3337 mala
1093 3269 1156 3337 fide
1176 3266 1355 3336 defendunt
1366 3295 1376 3352 ;
1399 3268 1425 3333 si
1444 3289 1514 3333 me-

345 3395 418 3477 dici,
441 3416 543 3463 artem
566 3419 656 3462 suam
680 3412 842 3463 noverunt
864 3413 918 3463 aut
938 3395 1112 3482 ignorant3
1136 3395 1170 3460 in
1197 3416 1263 3484 quo
1288 3414 1361 3459 vera
1385 3397 1515 3459 ratione

344 3537 440 3607 poeta
460 3521 574 3600 utitur,
592 3543 666 3586 cum
682 3538 791 3586 mente
806 3513 885 3607 fingi
901 3540 968 3585 non
980 3519 1081 3607 possit
1097 3516 1321 3584 conditionem
1339 3514 1514 3604 quamdam

344 3641 383 3710 ab
398 3643 584 3710 hominibus
599 3641 757 3726 abstrahi,
776 3641 862 3709 nulla
878 3642 1060 3709 diversitate
1079 3641 1164 3706 inter
1185 3639 1271 3706 viros
1290 3639 1345 3727 qui
1366 3638 1511 3726 ejusdem

345 3767 409 3834 sint
433 3766 558 3854 collegii
576 3792 585 3850 ;
618 3785 731 3834 natura
751 3768 839 3834 enim
861 3766 943 3833 duos
965 3765 1114 3831 homines
1134 3786 1202 3831 non
1225 3761 1443 3857 effinxituqui,
1463 3761 1514 3827 vel

345 3910 447 3959 artem
458 3911 557 3958 unam
568 3891 912 3971 exercentes,omnino
923 3889 987 3957 sint
998 3885 1182 3956 consimiles
1201 3907 1369 3975 scaenaque
1392 3903 1515 3952 naturae

345 4033 487 4097 tantum,
505 4034 540 4083 ut
555 4017 599 4083 ita
615 4015 733 4096 dicam,
749 4009 858 4101 imago
876 4036 943 4080 esse
959 4013 1052 4082 debet
1069 4013 1221 4078 animata.

391 4140 479 4207 Inter
503 4138 703 4228 plebeiorum
728 4138 946 4221 conditiones
967 4159 1065 4229 quam
1086 4135 1254 4224 potissime
1274 4133 1438 4220 elegerunt
1460 4133 1515 4222 qui

346 4261 472 4330 decimo
492 4280 608 4329 octavo
627 4261 745 4330 saeculo
765 4283 903 4329 scaenam
919 4261 1078 4346 corrigere
1092 4277 1312 4340 tentaverunt,
1329 4255 1515 4323 mercatoris

345 4387 417 4469 fuit,
440 4386 621 4475 eodemque
640 4386 737 4453 etiam
758 4408 834 4452 cum
854 4383 973 4473 gallicis
991 4381 1201 4472 scriptoribus
1223 4378 1408 4448 Goldonius
1433 4401 1515 4444 con-

347 4511 456 4577 currit.
480 4511 695 4578 Mercaturam
718 4509 849 4598 quidem
873 4507 1001 4575 laudare
1023 4505 1148 4573 Italiam
1171 4505 1348 4593 praesertim
1371 4502 1514 4583 decebat,

347 4657 410 4723 qua
430 4633 634 4700 Medicorum
653 4655 732 4721 gens
751 4631 789 4698 ad
806 4654 953 4698 summos
971 4629 1153 4697 florentinae
1173 4626 1353 4715 reipublicae
1372 4625 1515 4693 honores

346 4776 534 4850 pervenerat
542 4802 552 4838 ,
578 4757 732 4824 maximas
756 4756 906 4845 pecunias
930 4751 1134 4821 confecerant
1158 4748 1383 4838 Longobardi‚
1407 4748 1515 4816 medio
