3600 5682
518 667 817 715 GOLDONIANARUM
843 666 1045 714 FABULARUM
1072 665 1209 714 DlVlSlO.
1407 668 1442 735 ᾗς

285 809 464 877 multotum
478 831 584 899 sparsa
598 831 633 876 ac
648 807 760 876 diffusa
777 807 969 876 lineamenta
984 808 1017 874 in
1034 830 1132 875 unam
1147 826 1321 896 coguntur,
1334 826 1446 876 natura

285 938 453 1024 majorem,
474 933 632 1020 effigiem3
651 957 716 1025 quo
739 931 818 1000 nihil
837 931 922 1001 aliud
936 931 1107 1015 difficilius,
1122 934 1173 1000 cui
1189 934 1333 1000 comicus
1349 950 1445 1022 poeta

283 1082 317 1126 se
329 1077 402 1127 toto
416 1059 526 1126 animo
541 1057 616 1126 dare
629 1059 742 1147 possit,
757 1081 898 1147 cumque
916 1080 985 1124 rem
1005 1074 1114 1126 exacte
1132 1057 1275 1146 perfecit,
1293 1080 1361 1125 non
1377 1076 1446 1126 tan·

283 1203 355 1252 tum
375 1186 501 1252 animos
515 1182 624 1273 aliquo
645 1183 798 1273 temporis
816 1200 986 1250 momento
1001 1181 1147 1270 jucundis
1163 1181 1275 1250 fabulis
1297 1201 1445 1272 occupat,

283 1309 337 1377 sed
357 1327 390 1376 et
404 1307 673 1397 philosophorum
688 1306 788 1375 modo
805 1329 912 1374 mores
926 1308 1053 1396 penitus
1073 1305 1233 1375 illuminat
1253 1306 1446 1374 humanam·

284 1457 346 1524 que
370 1451 514 1501 mentem
545 1455 629 1501 nova
657 1432 761 1520 specie
786 1430 935 1500 illustrat.
963 1431 1189 1514 Quamobrem
1218 1429 1302 1521 apud
1331 1453 1446 1499 omnes

283 1577 396 1646 gentes
411 1581 479 1626 non
493 1557 631 1626 alterum
645 1556 733 1636 forte
744 1557 886 1625 invenias
900 1558 968 1648 qui,
985 1573 1020 1624 ut
1037 1556 1205 1639 Molietus,
1218 1556 1299 1624 hanc
1314 1555 1446 1624 arduam

283 1705 412 1772 operam
428 1681 520 1771 plane
534 1680 710 1771 perfecerit.

327 1939 373 2008 Ut
388 1939 472 2006 idem
488 1962 637 2029 prospere
656 1956 807 2022 tentaret,
825 1936 1029 2007 Goldonium
1050 1936 1181 2029 quidem
1202 1936 1302 2005 multa
1322 1936 1448 2005 deficie-

282 2063 373 2148 bant,
390 2088 426 2134 ac
440 2064 581 2154 primum
595 2081 801 2153 spectatores.
820 2064 888 2132 Nec
903 2062 978 2131 satis
995 2061 1082 2130 enim
1095 2060 1229 2130 fortasse
1243 2062 1447 2131 animadver-

282 2206 392 2256 terunt
406 2212 503 2280 quam
526 2187 664 2256 Moliero
685 2187 817 2270 fuerint,
834 2188 889 2277 qui
906 2185 1065 2269 audirent,
1082 2189 1189 2276 operis
1207 2187 1393 2277 participes:
1412 2210 1448 2256 ea

283 2312 417 2381 civitatis
439 2335 522 2402 pars,
545 2335 616 2403 quae
641 2329 719 2379 tunc
743 2312 918 2379 hominum
946 2311 1116 2400 opiniones
1139 2309 1312 2396 formabat,
1334 2310 1447 2379 litteris

282 2436 418 2520 imbuta,
448 2438 517 2505 otio
546 2435 642 2504 simul
668 2434 844 2518 fruebatur,
874 2434 1107 2526 comoediaeque
1135 2459 1204 2504 non
1227 2436 1338 2505 eadem
1364 2456 1448 2506 certe

283 2560 448 2651 religione,
471 2560 526 2630 sed
547 2579 613 2629 tam
633 2579 759 2630 attento
783 2561 893 2629 animo
919 2584 1015 2650 quam
1039 2562 1134 2628 sacris
1155 2560 1446 2630 illustrissimorum

283 2708 449 2756 oratorum
484 2684 690 2755 contionibus
723 2708 813 2754 aures
844 2683 1014 2775 praebebat.
1051 2685 1182 2754 Etenim
1215 2683 1255 2753 de
1285 2685 1447 2774 theologia

283 2810 577 2901 disceptationibus,
603 2809 770 2879 subtilibus
795 2833 915 2892 rerum,
942 2833 1014 2900 quae
1037 2808 1076 2878 ad
1097 2810 1328 2878 conscientiam
1351 2812 1447 2900 petti-

282 2953 373 3019 nent,
390 2933 633 3026 quaestionibus,
655 2935 872 3003 ecclesiasticae
890 2933 1048 3030 cathedrae
1066 2934 1316 3018 monitionibus,
1337 2934 1447 3024 culpa-

281 3083 416 3151 mmque
431 3059 688 3128 confitendarum
710 3058 959 3143 consuetudine,
981 3081 1109 3128 momm
1132 3057 1321 3127 difficillimo
1346 3060 1445 3127 cuivis

279 3184 467 3272 problemati
482 3182 654 3252 assuefacta
669 3201 823 3251 evaserat.
842 3185 998 3251 Praeterea
1009 3182 1169 3252 auditores
1177 3203 1368 3274 promptum
1378 3187 1445 3252 ani·

280 3331 371 3377 mum
382 3310 425 3376 rei
440 3308 620 3398 spectandae
634 3306 806 3392 habebant,
818 3331 893 3377 nam
904 3327 979 3377 ante
989 3308 1065 3377 solis
1073 3331 1223 3376 occasum
1232 3306 1346 3378 fabulae
1354 3333 1444 3399 gere·

279 3432 394 3500 bantur
409 3452 601 3522 tempusque
620 3451 781 3522 supererat
805 3431 844 3500 de
866 3434 959 3500 rebus
981 3433 1057 3501 actis
1079 3431 1298 3522 colloquendi,
1327 3435 1445 3501 recenti

278 3558 374 3624 etiarn
389 3558 558 3639 memoria,
574 3580 661 3639 cum,
680 3575 788 3625 nostra
803 3574 909 3638 aetate,
925 3555 1023 3645 longa
1037 3555 1087 3624 die
1098 3557 1301 3647 negotiisque
1316 3556 1441 3640 defessi,

278 3704 313 3747 ac
331 3704 413 3770 saepe
432 3682 557 3749 serioris
578 3704 665 3749 cenae
684 3700 815 3769 torpore
834 3680 986 3762 hebetati,
1007 3680 1096 3749 horae
1113 3682 1278 3769 praesentis
1298 3681 1442 3750 oblecta-

279 3824 425 3874 mentum
452 3806 559 3894 potius
584 3828 681 3896 quam
705 3803 953 3874 meditationum
976 3806 1143 3873 materiam
1167 3806 1200 3874 in
1225 3804 1351 3875 theatro
1376 3805 1442 3894 ple-

278 3953 413 4020 rumque
426 3953 617 4020 quaeramus.

321 4054 400 4122 Aliis
413 4054 453 4123 de
467 4056 567 4122 causis
583 4053 739 4122 Goldonii
758 4053 956 4123 auditoribus
974 4055 1135 4124 comoedia
1153 4057 1233 4124 seria
1249 4079 1316 4124 non
1334 4056 1440 4125 multo

278 4180 378 4267 magis
403 4179 555 4269 placebat.
588 4181 658 4249 Nec
688 4181 797 4248 otium
820 4197 943 4265 tamen,
971 4179 1027 4249 sed
1054 4180 1240 4250 attendendi
1268 4183 1366 4249 animi
1392 4183 1439 4250 vis

278 4300 404 4387 deerat3
437 4325 512 4370 nam
539 4302 618 4370 dum
647 4303 844 4387 assidebant,
877 4302 916 4371 de
942 4303 1082 4372 alearum
1113 4306 1270 4389 sortibus,
1303 4330 1375 4396 quae
1403 4307 1436 4372 in

279 4451 295 4490 (ι
314 4425 447 4495 Ridotto
464 4453 479 4490 u
496 4427 703 4514 jaciebantur,
720 4448 776 4495 aut
791 4428 830 4495 de
846 4428 984 4496 vestibus
998 4430 1031 4495 in
1047 4429 1293 4497 Bacchanalibus
1309 4449 1436 4498 mutan·

276 4549 323 4618 dis
352 4569 467 4638 praeter
493 4553 695 4621 voluntatem
717 4552 977 4636 meditabantur,
1002 4576 1037 4620 ac
1061 4555 1174 4643 saepius
1197 4556 1437 4622 commenticias

276 4672 439 4764 fictasque,
455 4691 491 4740 ut
506 4697 579 4765 quae
593 4698 610 4742 a
626 4675 746 4744 Gozzio
761 4677 963 4766 compositae,
977 4674 1098 4743 fabulas
1113 4675 1344 4757 desiderabant,
1361 4700 1436 4766 qua-

276 4819 347 4863 rum
363 4799 487 4886 poetice
501 4800 630 4866 inventa
646 4822 713 4866 non
729 4823 854 4888 semper
870 4797 1100 4886 intelligebant,
1119 4800 1173 4867 sed
1196 4801 1318 4868 illarum
1336 4803 1437 4889 pueri·
