3600 5682
551 668 720 724 Quauruu
746 667 790 712 au
814 668 958 713 auratas
983 665 1165 713 ruumuur.
1407 669 1443 734 33

322 807 491 898 Quidquid
512 806 629 874 dehac
651 807 883 894 disceptatione
902 805 1107 874 sentiendum
1128 824 1189 889 est,
1211 805 1255 873 rei
1274 809 1448 896 propositae

278 931 461 1001 Goldonius
475 933 604 1000 institit.
617 930 770 1000 Versibus
785 929 958 999 nonnullas
974 949 1102 1000 tantum
1118 931 1242 1020 scripsit
1257 930 1447 1016 comoedias,

277 1083 352 1127 cunr
372 1059 559 1126 tirocinium
582 1058 679 1126 etiam
703 1075 854 1147 poneret,
879 1079 914 1124 ac
937 1075 1062 1146 postea,
1083 1053 1177 1123 bouis
1199 1056 1356 1143 judicibus
1379 1057 1447 1147 pla-

277 1183 370 1252 cendi
398 1184 513 1272 gratia,
538 1181 694 1274 quasdam
722 1182 808 1265 alias,
835 1182 943 1272 quales
973 1200 1049 1249 sunt
1076 1181 1241 1264 Molicrus,
1276 1182 1446 1266 Terentius,

282 1307 402 1390 Tarsus,
434 1333 507 1399 quae
533 1308 618 1376 inter
643 1305 764 1374 fabulas
792 1331 810 1374 a
836 1308 991 1397 scriptore
1019 1330 1246 1379 suntmacura
1271 1307 1448 1376 elaboratas

277 1453 510 1518 numerantut·;
536 1433 581 1500 ita
597 1430 647 1500 vel
669 1433 789 1500 invitus
808 1429 900 1500 fateri
921 1429 1086 1536 videbatur
1108 1432 1215 1499 nescio
1236 1431 1311 1522 quid
1332 1431 1449 1523 leporis

278 1581 453 1626 numerum
469 1576 581 1625 exacto
598 1559 689 1646 operi
703 1555 827 1624 addere.

319 1685 500 1752 Pernotum
513 1701 561 1750 est
575 1682 609 1750 in
630 1680 735 1750 Gallia
754 1683 834 1771 ipsa,
852 1675 981 1748 Molieri
999 1701 1106 1764 aetate,
1125 1693 1231 1750 metro
1247 1681 1368 1752 solutas
1388 1685 1449 1752 rni-

277 1810 364 1877 noris
378 1808 551 1876 aestimatas
565 1806 661 1876 fuisse
675 1805 866 1888 comoedias,
876 1803 1031 1896 quidquid
1042 1805 1082 1873 de
1097 1807 1159 1874 ltoc
1176 1807 1296 1875 Fenelo
1312 1808 1445 1892 dixerit;

276 1935 310 2002 in
329 1932 420 2002 Italia
441 1935 538 2000 etiam
562 1931 650 2001 nulla
672 1932 738 2001 fere
756 1929 873 2016 fabula,
895 1932 954 1999 nisi
981 1931 1061 2021 pede
1081 1933 1205 2014 vincto,
1228 1933 1319 2001 valde
1341 1935 1447 2024 place-

278 2059 344 2142 bat,
366 2076 545 2149 veuetaque
569 2057 750 2149 plebecula,
775 2080 845 2156 nou
868 2055 971 2126 modo
991 2056 1098 2142 Tassi,
1121 2080 1232 2126 verum
1255 2057 1447 2141 Merastasii‚

278 2203 309 2253 et
328 2205 438 2275 postea
453 2183 576 2252 Alfierii
598 2185 738 2252 carmina
761 2185 919 2251 memoria
940 2182 1110 2274 retinebat,
1128 2183 1312 2252 humillimo
1334 2184 1448 2275 opifice

277 2313 480 2394 Artaxarrrm
499 2331 738 2400 nonnunquam
758 2308 866 2377 inflata
885 2331 965 2376 voce
982 2307 1214 2376 declamante¹.
1233 2309 1345 2402 Itaque
1368 2310 1446 2378 Gas-

278 2434 392 2525 pardus
403 2435 556 2519 Gozzius,
568 2433 743 2525 quiCaroli
758 2433 862 2502 fratris
876 2433 1061 2524 exemplum
1077 2457 1146 2502 non
1160 2452 1289 2502 secutus
1304 2434 1448 2526 plerum-

280 2584 341 2651 que
357 2559 526 2630 Goldouio
541 2559 618 2628 favit
638 2583 674 2628 ac
688 2560 811 2628 venetis
824 2557 907 2628 illius
919 2557 1033 2627 fabulis
1048 2557 1178 2627 edendis
1198 2582 1330 2649 operam
1344 2558 1444 2645 dedit,

279 2685 414 2755 scribere
429 2708 498 2754 non
512 2684 688 2754 dubitavit:
711 2712 727 2749 α
744 2685 879 2778 Semper
893 2684 1009 2752 errabit
1024 2682 1222 2768 Goldonius,
1233 2685 1294 2752 nisi
1304 2685 1447 2754 versibus

279 2809 455 2881 comoedias
476 2811 707 2901 composuerit.
729 2808 826 2878 Multi
845 2808 977 2901 quidem
992 2832 1025 2877 se
1039 2807 1316 2880 martellianorum
1332 2811 1447 2882 taedere

279 2959 493 3006 numerorum
508 2934 694 3026 praedicant,
710 2959 793 3030 quos
806 2934 894 3025 plebs
909 2958 1035 3026 semper
1049 2934 1238 3005 declamabit
1249 2948 1271 3007 ².
1292 2964 1307 3002 u

321 3061 516 3131 Notandum
540 3061 620 3130 mihi
639 3059 766 3130 videtur
785 3061 894 3151 potius
914 3059 1056 3128 solutam
1080 3085 1177 3152 quam
1202 3062 1281 3152 pede
1305 3063 1447 3132 vinctam

279 3189 462 3256 orationem
478 3185 646 3256 Goldonio
667 3185 835 3276 placuisse,
854 3209 929 3254 nam
951 3185 1068 3256 modus
1088 3188 1132 3254 ita
1152 3186 1361 3275 significatur,
1381 3212 1447 3278 quo

278 3335 416 3381 scaenam
437 3313 597 3401 corrigere
615 3313 737 3380 statuit.
761 3311 808 3380 Ex
827 3311 1006 3401 improviso
1024 3328 1117 3380 antea
1134 3300 1298 3380 recitatam
1322 3335 1446 3380 comoe-

278 3437 363 3506 diam
378 3455 507 3506 tantum
522 3437 658 3525 scripsit,
676 3455 712 3504 ut
732 3439 796 3527 jam
810 3435 895 3523 dixi3
915 3459 987 3527 quae
1003 3459 1078 3504 cum
1099 3459 1229 3505 necesse
1245 3455 1328 3506 esset
1343 3456 1379 3506 ut
1395 3461 1446 3504 so·

279 3563 348 3631 luto
362 3584 514 3630 sermone
528 3580 685 3644 uteretur,
702 3583 774 3630 raro
790 3563 857 3650 ipse
872 3579 1036 3630 corrector
1049 3583 1142 3628 versu
1156 3585 1233 3630 usus
1250 3579 1308 3630 est.
1332 3562 1446 3653 Neque

279 3689 366 3770 enim
385 3686 472 3755 utilis
492 3688 542 3754 hic
562 3685 653 3757 labor
670 3706 812 3778 apparet,
832 3689 866 3755 in
883 3686 988 3756 fabula
1007 3687 1174 3756 eventibus
1194 3687 1334 3757 maxime
1353 3688 1447 3779 placi-

280 3832 370 3897 tura3
398 3830 435 3880 ut
460 3810 601 3880 versibus
628 3810 777 3880 adhibitis
799 3832 919 3880 crescat
941 3811 1140 3881 audientium
1164 3811 1327 3903 voluptas,
1353 3813 1448 3882 vehe-

280 3939 423 4006 mentius
434 3959 573 4005 numero
588 3938 722 4027 exprimi
738 3935 869 4006 affectus
883 3956 1026 4028 oportet,
1038 3939 1152 4028 quibus
1168 3939 1343 4008 hominum
1354 3938 1446 4007 indo·

278 4063 322 4132 les
338 4061 480 4154 liqueant
493 4088 502 4146 3
520 4081 675 4131 eventum
689 4082 799 4132 autem
813 4085 925 4132 versus
940 4083 1067 4132 tautum
1081 4061 1229 4132 retardat.

280 4249 489 4260 —u——an——ffl

318 4375 340 4414 1.
771 4359 794 4412 ll
810 4375 902 4414 nascer
915 4360 1016 4432 grande

546 4439 567 4492 F.
583 4444 656 4504 caso,
673 4457 687 4493 e
702 4456 758 4492 non
770 4441 857 4495 virtu:
874 4440 924 4494 che
939 4457 967 4494 se
979 4439 1088 4494 fortuna

546 4517 713 4590 Regolassei
727 4517 810 4572 natali
824 4537 839 4574 e
853 4520 928 4573 desse
944 4520 952 4570 i
966 4520 1043 4591 regni

544 4597 612 4651 Solo
629 4615 644 4650 a
659 4596 730 4651 colui
745 4597 803 4651 ch’d
818 4599 844 4653 di
858 4614 955 4671 regnat
970 4616 1076 4670 capace,

487 4739 490 4744 ,
545 4678 628 4732 Forse
643 4679 749 4734 Arbace
764 4697 809 4734 era
823 4681 910 4746 Serse,¹
926 4697 940 4733 e
956 4680 1033 4734 Serse
1047 4681 1162 4735 Arbace.

317 4845 341 4886 2.
363 4831 397 4886 G.
415 4830 508 4886 Gozzi
526 4829 610 4902 Oper.
628 4848 703 4888 omn.
721 4832 812 4888 editio.
830 4831 942 4898 Patavii,
958 4844 977 4889 t.
995 4833 1067 4898 XVI,-
1082 4850 1108 4903 p¹
1126 4847 1185 4904 294.

391 4953 428 4992 ur.
448 4953 606 4995 cornorum
