3600 5682
333 643 374 710 60
504 659 547 704 ua
572 656 753 704 cornouro
778 655 920 704 manica
944 655 1064 704 senua
1088 654 1325 706 connacrons.

332 800 427 889 plaria
446 815 684 888 promerentur.
707 797 777 880 Qui
798 823 814 861 a
837 797 962 866 Rustici
983 815 999 861 u
1015 816 1187 878 vocantur,
1206 819 1337 864 morum
1352 795 1494 864 fautores

332 927 554 1016 antiquorum,
577 945 693 991 uxores
713 945 748 990 ac
762 920 879 990 liberos
899 923 1038 1014 antiquis
1053 943 1161 1010 regere
1181 922 1304 1012 legibus
1320 939 1495 1006 conantur,

333 1049 447 1140 quibus
467 1065 594 1118 tantum
615 1048 698 1136 apud
720 1049 886 1116 Romanos
905 1048 1005 1139 patria
1022 1065 1164 1138 potestas
1184 1046 1304 1131 valuit;
1329 1046 1367 1115 fit
1390 1065 1498 1116 antem

333 1173 516 1257 ridiculum,
535 1196 610 1241 cum
624 1172 692 1240 haec
707 1191 798 1240 vetus
814 1195 945 1240 morum
962 1172 1112 1240 severitas
1126 1194 1219 1240 novae
1229 1190 1307 1239 tunc
1316 1170 1498 1261 praevalenti

332 1297 472 1368 facilitati
487 1299 676 1388 opponitur.
1445 1285 1448 1290 ⁴

378 1424 489 1507 Quam
511 1421 608 1492 italici
628 1407 829 1510 grammatici
851 1420 991 1490 fabulam
1009 1420 1100 1490 valde
1121 1422 1227 1489 mirati
1253 1437 1341 1503 sunt,
1365 1441 1499 1509 eamque

333 1559 434 1615 unus¹
451 1547 571 1615 recenti
585 1565 730 1636 tempore
743 1543 882 1635 Benefica
897 1568 1014 1615 moroso
1029 1547 1099 1635 ipso
1120 1563 1269 1635 praestare
1282 1543 1398 1613 voluit.
1418 1544 1497 1611 Haec

332 1670 415 1739 forte
430 1673 541 1760 opinio
555 1670 618 1739 stili
633 1669 753 1759 lepore,
770 1670 824 1761 qui
845 1671 1031 1760 peregrinos
1050 1692 1141 1760 paene
1156 1670 1293 1737 omnino
1313 1667 1409 1758 fugit,
1425 1691 1499 1759 pro·

333 1794 399 1864 bari
420 1779 548 1885 potest;
567 1793 656 1884 quod
670 1793 708 1862 ad
722 1816 792 1862 rem
805 1794 907 1884 ipsam
921 1795 1073 1884 pertinet,
1089 1792 1180 1863 fateri
1196 1815 1326 1872 necesse
1342 1811 1390 1860 est
1404 1811 1498 1883 quat·

334 1939 409 1988 tuor
427 1947 442 1984 a
455 1921 605 1992 Rusticos
615 1946 632 1984 u
649 1920 733 1988 inter
747 1943 780 1988 se
795 1919 884 1989 nullo
899 1918 964 1987 fere
982 1917 1164 1989 discrimine
1178 1917 1304 2008 differre
1321 1917 1498 2008 eademque

334 2067 402 2112 esse
419 2043 541 2127 indole,
560 2046 595 2111 in
618 2045 720 2134 jurgia
738 2043 857 2112 scilicet
880 2061 1101 2133 erumpentes,
1121 2065 1271 2122 morosos
1291 2041 1499 2133 laetitiamque

334 2167 503 2258 fugientes.
528 2169 596 2252 Qui
619 2191 702 2236 unus
725 2167 890 2257 paululum
915 2168 954 2236 ab
977 2167 1044 2236 aliis
1068 2167 1236 2258 discrepat,
1263 2167 1498 2250 Cancianus,-a

334 2311 461 2361 versuta
476 2315 576 2361 uxore
590 2290 773 2376 deluditur3
790 2294 850 2361 etsi
867 2293 955 2360 enim
975 2310 1144 2383 repugnat,
1167 2292 1298 2381 conjugi
1318 2289 1430 2359 docilis
1444 2313 1497 2380 pa·

335 2439 402 2484 rere
417 2417 555 2504 ‘cogitur
579 2415 727 2507 illiusque
751 2416 885 2484 tolerare
909 2435 1105 2500 amatorem,
1128 2415 1242 2501 illaesa,
1265 2416 1498 2509 utexistimari

335 2540 620 2631 debet,pudicitia,
639 2540 814 2632 eademque
828 2542 934 2609 mariti
950 2543 1071 2611 amicos
1086 2560 1274 2612 convertere
1288 2559 1320 2608 et
1340 2538 1497 2608 faciliores

334 2664 463 2735 reddere
487 2665 581 2736 valet.
598 2667 744 2735 Mutatur
763 2668 820 2749 ita,
840 2666 973 2735 finiente
992 2690 1101 2757 opera,
1122 2688 1334 2756 personarum
1358 2663 1496 2746 indoles,

335 2809 379 2872 et,
401 2812 586 2880 quanquam
608 2789 810 2858 callidissima
834 2791 948 2859 mulier
969 2789 1145 2877 effingitur,
1166 2788 1293 2857 difficile
1314 2807 1423 2857 tamen
1445 2790 1498 2856 in-

335 2916 514 2984 constantia
537 2933 624 2983 tanta
646 2914 771 2983 admitti
796 2933 914 3004 potest,
937 2939 1011 2984 cum
1030 2917 1207 3005 praesertim
1233 2935 1296 2982 tres
1319 2915 1498 2982 amicorum

335 3063 447 3108 severo
470 3039 607 3107 concilio
630 3039 725 3129 paulo
740 3058 814 3106 ante
834 3040 873 3106 de
894 3064 991 3128 poena
1012 3039 1272 3121 deliberaverint,
1298 3062 1360 3131 qua
1383 3061 1498 3106 uxores

333 3182 464 3253 propter
486 3181 672 3253 contempta
696 3166 778 3252 jussa
799 3161 973 3231 afficiendae
998 3165 1076 3249 sint,
1096 3181 1192 3254 atque
1216 3187 1280 3231 una
1299 3185 1378 3231 voce
1397 3161 1498 3231 valide

334 3312 386 3356 eas
399 3287 533 3356 fustibus
548 3287 759 3356 verberandas
777 3284 985 3354 decreverint.

381 3509 507 3577 Ceterae
528 3507 654 3591 fabulae,
670 3507 786 3599 quibus
809 3497 934 3576 indoles
956 3525 1125 3577 retractare
1145 3507 1328 3575 Goldonius
1349 3508 1498 3591 tentavit,

336 3634 422 3701 leves
441 3652 569 3702 tantum
590 3653 664 3701 sunt
684 3633 958 3714 adumbrationes‚
976 3633 1074 3700 nimia
1094 3632 1252 3700 celeritate
1267 3631 1446 3718 delineatae,
1464 3651 1498 3700 ut

337 3759 491 3828 Mercator
504 3763 560 3849 qui
573 3759 733 3825 creditores
743 3757 893 3848 fefellit2.
907 3741 1104 3847 Exceptione
1118 3776 1227 3826 tamen
1237 3756 1392 3839 notanda,
1404 3756 1499 3846 hujus

337 3882 506 3951 comoediae
523 3906 670 3972 personae
690 3905 791 3972 usque
813 3882 851 3949 ad
873 3884 976 3949 imum
1000 3881 1058 3950 sibi
1083 3899 1259 3951 constant:
1282 3905 1341 3950 nec
1365 3881 1499 3949 Pautalo

338 4009 425 4075 enim
452 4006 704 4088 meretriculam,
730 4008 780 4074 cui
808 4007 958 4090 inservit,
983 4004 1137 4092 dimittit;
1166 4029 1270 4097 neque
1296 4005 1349 4074 illa
1379 4028 1498 4095 magno

251 4140 254 4147 '
338 4152 461 4223 quaestu
476 4156 591 4199 senum
603 4135 678 4199 vitia
694 4132 800 4199 fovere
815 4132 945 4214 desinit;
964 4154 1023 4200 nec
1038 4133 1225 4200 mercatoris
1240 4154 1321 4198 uxor
1335 4130 1499 4199 damnosis

338 4256 476 4326 vestibus
487 4257 645 4340 valedicit;
663 4281 722 4324 nec
734 4256 953 4325 Truffaldinus
967 4281 1074 4325 servus
1090 4256 1265 4324 lenocinari
1281 4254 1498 4346 dominosque

338 4427 549 4439 ——.—...

376 4531 397 4569 1.
419 4515 537 4581 Nocchi,
567 4518 612 4588 qui
643 4515 771 4571 Goldonii
800 4516 949 4571 comoedias
976 4515 1091 4570 delectas
1118 4513 1275 4583 (Commtdr'e
1301 4513 1381 4585 scelte)
1405 4513 1497 4568 edidit.

339 4602 491 4670 Florentiae,
509 4603 584 4672 1856.

375 4725 400 4764 2.
421 4711 458 4762 La
473 4711 549 4764 banca
562 4718 629 4765 rotta
644 4712 713 4766 ossia
728 4710 753 4765 Il
765 4717 889 4765 mercante
897 4709 995 4781 fallite.
1008 4711 1050 4766 Ct.
1062 4708 1197 4764 Grandatr
1211 4716 1234 4764 rt
1244 4709 1373 4764 arraona
1382 4708 1412 4762 de
1421 4708 1498 4764 Clsar

340 4797 476 4858 Birorreau.
