3588 5680
698 1313 1011 1383 CONCLUSIO

313 2191 383 2259 Nec
398 2208 526 2259 tantum
541 2193 575 2260 in
590 2192 681 2261 Italia
696 2194 775 2260 etin
790 2192 892 2261 Gallia
915 2192 1100 2262 Goldonins
1115 2216 1154 2261 eo
1173 2211 1319 2284 tempore
1339 2195 1439 2263 flore-

269 2314 341 2402 bat;
366 2314 471 2383 multo
493 2315 590 2385 etiam
609 2314 719 2384 favore
733 2335 764 2384 et
783 2318 816 2384 in
832 2316 1008 2386 Germania
1021 2316 1195 2388 fruebatur.
1215 2319 1346 2386 Etenim
1361 2342 1437 2387 eum

269 2437 415 2526 plurimis
435 2439 468 2505 in
493 2439 734 2531 Dramaturgiae
756 2441 835 2510 locis
861 2440 1086 2510 celeberrimus
1110 2443 1238 2510 criticus
1263 2443 1439 2530 Lessingus

268 2559 412 2631 laudibus
428 2559 561 2649 effert¹;
586 2566 715 2655 jamque
735 2567 860 2633 mentio
883 2565 963 2635 lacta
978 2583 1025 2632 est
1047 2563 1086 2633 de
1106 2566 1257 2652 singulari
1283 2569 1439 2656 opinione

273 2738 478 2754 -u—n--n-

307 2862 330 2901 1.
345 2847 416 2902 Vide
428 2847 615 2919 Dromaturgie
628 2848 657 2901 do
670 2848 821 2921 Hombourg
834 2851 938 2922 (transl.
956 2849 1091 2919 Cronsld),
1101 2849 1226 2916 Lutetiae,
1238 2849 1315 2918 1885,
1328 2866 1358 2904 ac
1371 2867 1439 2921 prae-

268 2936 369 3001 sertim,
389 2953 416 3008 p.
438 2934 474 2991 60
494 2948 521 2990 et
539 2952 555 3004 4
560 2936 602 3006 56,
619 2939 677 3010 lpse
696 2950 822 2994 statuerat
839 2940 952 3010 Lessing
970 2957 1019 2994 suo
1035 2939 1118 2994 modo
1133 2940 1251 3013 quinque
1270 2941 1358 2994 veneri
1377 2958 1437 2994 auc-

269 3025 333 3078 toris
355 3022 460 3078 fabulas
483 3025 580 3079 iterum
604 3026 718 3080 scribere
736 3025 848 3095 (Herder
868 3044 884 3081 a
904 3027 958 3084 Ch.
978 3027 1063 3098 Joret.
1088 3027 1213 3092 Lutetiae,
1239 3028 1315 3097 1875,
1335 3045 1362 3098 p.
1383 3043 1437 3099 903

269 3109 374 3184 Lessing
387 3119 410 3166 el
422 3112 444 3166 le
456 3114 519 3184 gotie
527 3114 646 3184 franceis
660 3132 690 3168 en
704 3113 854 3188 Allemogna
867 3115 1017 3173 aCrousle.
1035 3117 1156 3182 Lutetiae,
1173 3114 1250 3186 1863,
1267 3133 1293 3186 p.
1311 3117 1367 3188 90).
1385 3116 1438 3170 Eo·

269 3198 331 3254 dem
345 3200 482 3267 suadente,
499 3203 544 3272 qui
559 3201 654 3257 Gallos
667 3201 843 3258 alitterarum
853 3204 969 3274 imperio
980 3215 1098 3258 evertere
1109 3202 1270 3270 decreverat,
1288 3214 1437 3256 ceterarum

268 3288 391 3360 gentium
405 3289 578 3359 scriptoribus
596 3291 656 3362 plus
674 3308 753 3364 aequo
768 3290 936 3359 extollendis,
949 3293 974 3364 J.
995 3293 1031 3349 H.
1047 3291 1109 3347 Saal
1128 3291 1250 3362 (Lipsiae,
1273 3289 1439 3362 1769-1777)

270 3376 435 3448 optimarum
448 3376 675 3448 goldonianarum
698 3378 851 3433 fabularum
873 3380 1058 3451 germanicam
1079 3377 1284 3433 translationem
1299 3377 1393 3443 edidit,
1409 3393 1439 3429 ac

267 3463 290 3534 J.
307 3463 373 3521 Chr.
390 3465 464 3518 Boclt
476 3466 597 3537 ejusdem
611 3478 697 3537 poetae
711 3466 857 3522 nonnullas
870 3467 1020 3521 comoedias
1037 3468 1199 3538 germanicae
1219 3481 1313 3520 scaenae
1333 3481 1439 3518 accom-

269 3553 400 3618 modavit,
420 3570 490 3624 quae,
510 3571 612 3626 magno
632 3555 726 3624 plausu
746 3568 870 3628 acceptae,
890 3557 1009 3610 scaenicae
1029 3556 1077 3608 arti
1098 3553 1167 3608 ultra
1187 3553 1276 3609 Rheni
1290 3552 1357 3606 fines
1376 3555 1439 3606 satis

271 3638 349 3694 utiles
361 3639 469 3695 fuerunt
482 3639 640 3712 (Gesehichte
653 3642 697 3696 der
711 3643 897 3698 dramatischen
910 3643 1041 3697 Literotur
1055 3641 1108 3695 rand
1120 3642 1209 3696 Kunsl
1222 3643 1251 3695 in
1266 3641 1438 3695 Deutschlond

270 3744 323 3782 von
336 3730 406 3786 Rob.
424 3729 512 3798 Prblz,
528 3731 629 3798 Berlin,
648 3732 736 3803 1883).
754 3732 908 3798 Schroedet,
924 3747 993 3786 unus
1008 3731 1077 3785 inter
1085 3731 1187 3801 primos
1198 3729 1353 3785 Germaniae
1367 3742 1439 3783 acto-

270 3831 320 3881 res,
337 3828 425 3887 partes
438 3818 488 3872 sibi
503 3819 553 3887 ipsi
568 3819 716 3874 recitandas
731 3821 836 3891 scripsit
850 3837 866 3872 a
886 3819 987 3873 Morosa
1001 3818 1106 3889 benefico
1121 3829 1241 3890 sumptas
1256 3830 1282 3872 et
1297 3818 1441 3872 aDuorum

269 3920 370 3958 erorum
396 3921 475 3970 servo,
496 3905 659 3978 Morosusque
684 3906 806 3973 beneficus
824 3908 905 3961 variis
926 3906 1010 3961 titulis
1027 3905 1169 3976 (Polterer,
1190 3904 1340 3976 Murrkopf,
1363 3907 1439 3975 ete),

270 3990 381 4047 finiente
391 4004 487 4047 octavo
495 3993 603 4049 decimo
610 3995 712 4050 saeculo
722 3995 864 4050 translatus
874 4007 923 4062 est,
934 4007 1012 4068 atque
1021 3996 1048 4049 in
1057 4010 1133 4066 paene
1143 3994 1271 4048 omnibus
1277 3995 1440 4065 germanicis

269 4080 372 4145 scaenis,
387 4078 605 4153 frequentissimo
618 4098 725 4153 semper
738 4099 875 4150 consessu,
891 4082 943 4137 fuit
956 4093 1029 4137 actus
1048 4081 1230 4153 (chronologia
1247 4082 1287 4136 des
1304 4081 1436 4135 1111111111

274 4167 398 4234 1111111111,
413 4168 522 4240 Lipsiae,
541 4172 629 4241 1775).
646 4171 795 4237 Kotzebue,
818 4172 863 4243 qui
887 4169 1014 4224 ditiorem
1035 4169 1104 4224 forte
1121 4185 1228 4236 venam,
1249 4169 1365 4239 undique
1384 4186 1440 4222 ma·
1517 4209 1520 4214 .

270 4256 336 4309 teria
351 4267 466 4327 sumpta,
484 4257 554 4312 alere
569 4259 702 4328 cupiebat,
719 4258 851 4312 nonnulla
872 4270 1031 4330 argumenta
1051 4275 1066 4311 a
1084 4256 1224 4312 Goldonio
1244 4268 1381 4311 mutuatus
1401 4269 1440 4310 est

269 4342 405 4412 (L’osterio
418 4343 484 4398 dello
493 4352 566 4417 posto
580 4347 626 4398 in:
642 4345 698 4399 Dos
711 4344 833 4400 Posthous
847 4349 876 4400 in
896 4345 1104 4415 Treuenbrietren
1122 4355 1263 4408 mutatam,
1280 4354 1306 4395 et
1318 4361 1324 4396 :
1348 4343 1386 4396 Lo
1399 4360 1443 4395 oe-

270 4430 335 4484 dova
348 4432 442 4486 scultro
456 4434 483 4487 in
498 4435 618 4506 ejusdem
631 4433 703 4488 tituli
717 4433 856 4488 fabulam:
872 4433 925 4487 Dio
937 4434 1037 4488 schloue
1054 4433 1158 4487 Wittaoe
1171 4430 1255 4485 oder:
1271 4432 1324 4484 Die
1339 4431 1439 4502 Tempe-

270 4521 401 4590 ramente).
423 4511 514 4589 Blum,
535 4523 654 4590 tandem,
678 4525 842 4595 germanicae
860 4538 954 4576 scaenae
978 4519 1122 4576 nonnullas
1139 4518 1318 4591 goldonianas
1337 4517 1442 4573 fabulas

271 4605 404 4677 adaptavit
418 4608 622 4677 (Mirandolina,
638 4611 664 4665 Il
676 4611 815 4683 oentoglio,
826 4612 902 4680 etc),
914 4611 1101 4680 recentiorque
1111 4619 1201 4679 poeta,
1214 4607 1360 4671 Gutzkow,
1373 4606 1442 4660 Gol-

270 4691 345 4747 donii
357 4695 497 4752 Molierum
511 4700 539 4753 in
559 4701 696 4754 comoedia
718 4699 787 4771 (Dos
813 4698 905 4753 Urbild
926 4699 964 4752 des
985 4697 1108 4769 Tortiffe,
1128 4697 1217 4766 1845),
1237 4712 1297 4767 quae
1314 4693 1440 4749 eamdem

272 4784 414 4838 materiam
429 4797 531 4851 tractat,
549 4788 666 4843 imitatus
682 4799 729 4845 est.
