3600 5682
594 657 766 712 QUANTUM
791 657 836 704 Al)
860 661 960 704 Mortes
984 657 1164 706 PERTINET.
1424 661 1463 729 45

295 794 440 885 personis
455 794 605 864 eamdem
620 796 787 886 probitatis
802 819 838 865 ac
854 797 981 864 virtutis
995 799 1135 886 speciem
1150 796 1315 883 dedisse»,
1328 821 1467 892 eumque

297 918 570 1008 reprehenderunt
592 920 680 1011 quod
701 941 732 990 et
755 923 949 1011 praecipuam
968 943 1155 1011 personam,
1171 925 1261 1012 cujus
1279 923 1394 992 vitium
1413 948 1466 994 co·

295 1042 424 1112 moediae
437 1043 532 1113 titulo
547 1047 600 1128 sir,
616 1064 811 1135 spectatores
824 1045 973 1114 admirari
989 1047 1142 1134 coegerit.

338 1168 430 1238 Nihil
443 1169 541 1258 igitur
555 1170 657 1239 rarius
672 1170 704 1236 in
721 1169 921 1260 goldoniauo
940 1169 1068 1240 theatro
1086 1193 1185 1262 quam
1206 1171 1357 1242 homines
1377 1175 1466 1242 inve·

296 1293 364 1362 nire
382 1294 532 1377 vitiosos,
559 1295 656 1363 etiam
680 1314 715 1363 ut
738 1313 923 1364 ceterorum
946 1297 1046 1364 virtus
1066 1293 1326 1365 dissimilitudine
1346 1297 1465 1366 clarius

294 1419 428 1504 emicet3
445 1420 494 1487 sin
513 1437 624 1488 autent
643 1443 692 1488 res
714 1445 859 1512 unquam
877 1419 1003 1503 accidit,
1025 1421 1201 1490 severitatis
1220 1421 1405 1511 exemplum
1433 1425 1464 1491 in

295 1566 365 1612 reos
384 1542 489 1612 editur
510 1567 569 1614 nec
590 1562 696 1614 morte
718 1543 844 1614 afficere
865 1563 1019 1614 nocentes
1040 1564 1138 1635 poeta
1160 1544 1299 1633 dubitat,
1320 1547 1394 1616 licet
1412 1571 1465 1616 co·

295 1665 414 1737 moedia
433 1686 556 1756 agatur.
582 1670 634 1738 Sic
651 1672 685 1737 in
707 1669 797 1738 Bona
820 1683 932 1738 uxore¹
953 1670 1140 1740 adulescens
1164 1671 1310 1764 quidam,
1331 1692 1466 1742 venetus

294 1812 403 1876 nauta,
422 1792 607 1863 libidinibus
627 1793 767 1879 deditus,
783 1797 838 1886 qui
859 1797 1025 1884 praecipuae
1045 1818 1194 1886 personae
1213 1798 1369 1866 maritum
1394 1821 1465 1866 cor·

293 1919 390 2008 rupit,
410 1920 552 2009 pugione
570 1919 771 2010 perfoditur3
794 1918 1021 2010 Sigismundus
1042 1922 1077 1989 in
1098 1920 1273 1992 Adulatorc
1283 1933 1308 2006 ²,
1330 1924 1465 1991 Pancra-

292 2044 356 2112 tius
369 2045 409 2113 'in
432 2045 554 2114 Venetis
571 2043 735 2116 Gemellis³
749 2069 879 2138 veneno
898 2045 958 2116 sibi
977 2066 1120 2116 mortem
1140 2048 1347 2116 consciscunt
1362 2071 1398 2116 ac
1412 2071 1466 2117 co·

292 2190 361 2237 ram
374 2169 496 2259 populo
514 2193 703 2261 supremum
721 2172 878 2242 emittunt
898 2171 1047 2263 spiritum
1067 2171 1251 2264 sceleraque
1271 2174 1465 2262 poenitentes

293 2293 500 2364 confitentur.
519 2294 748 2368 Nebulonibus
769 2296 859 2386 pellis
880 2318 1006 2387 semper
1027 2295 1209 2367 detrahitur
1224 2315 1256 2365 et
1274 2297 1464 2388 supplicium

292 2418 331 2488 de
349 2418 463 2487 iisdem
477 2423 634 2508 sumitut;
653 2422 788 2513 turpiter
806 2420 1012 2512 depelluntur
1031 2423 1181 2512 parasiti;
1199 2423 1388 2492 cantatrices
1407 2446 1465 2491 nec

292 2567 359 2613 non
382 2543 566 2630 saltatrices,
588 2570 660 2636 quae
684 2545 877 2616 adventicias
903 2569 1054 2637 personas
1078 2565 1192 2635 agunt,
1214 2547 1360 2617 honestae
1386 2568 1462 2617 sunt

272 2668 481 2767 ¹plerumque
498 2672 652 2761 virgines,
672 2695 722 2757 ac,
743 2674 770 2742 si
790 2671 957 2742 blanditias
980 2671 1038 2741 sibi
1063 2670 1125 2741 dici
1149 2673 1313 2742 interdum
1338 2674 1462 2758 sinunt,

292 2816 360 2863 non
375 2817 456 2863 vana
471 2794 532 2866 illis
546 2819 617 2886 spes
632 2815 680 2866 est
695 2796 878 2866 amantibus
891 2795 1069 2889 aliquando·
1079 2795 1212 2866 nubere.

330 2919 438 3003 Quod
453 2920 492 2989 ad
503 2919 699 2990 feminarum
715 2947 791 2991 cum
805 2923 882 2992 viris
896 2924 1131 2992 commercium
1148 2925 1276 3006 attinet,
1294 2923 1464 3014 prudentia

292 3063 396 3127 tanta,
417 3069 490 3136 quae
510 3046 609 3115 nimia
633 3047 798 3116 interdum
822 3047 980 3131 videatur,
1001 3047 1187 3117 Goldonius
1211 3065 1355 3117 tractat:
1385 3048 1464 3117 nihil

290 3169 387 3254 aliud,
408 3171 544 3260 exempli
560 3173 674 3260 gratia,
690 3173 773 3243 illius
787 3173 924 3242 Domino
936 3173 1077 3258 Joanni⁴
1092 3174 1174 3242 vitio
1193 3172 1386 3244 vertendum
1401 3192 1462 3258 est,

292 3295 352 3363 uisi
366 3294 454 3386 quod
468 3297 584 3384 virgini
596 3295 724 3366 cuidam
738 3297 940 3366 connubium
955 3297 1166 3388 spoponderit
1181 3297 1357 3388 fidemque,
1369 3298 1464 3366 illaesa

292 3439 400 3489 tamen
415 3420 528 3509 puellae
540 3422 704 3512 pudicitia,
719 3422 908 3509 violaverit3
925 3426 959 3491 in
979 3423 1085 3492 Milite
1105 3435 1248 3492 amante⁵
1269 3427 1357 3512 juxta
1381 3403 1463 3490 adu-

291 3545 483 3629 lescentem,
499 3545 687 3636 signiferum
702 3547 898 3638 Hispanum,
916 3549 971 3638 qui
986 3546 1201 3616 delicatissimi
1216 3549 1336 3618 amoris
1355 3569 1461 3616 exem·

290 3666 381 3759 plum
394 3670 527 3760 praebet,
536 3669 644 3739 videre
659 3671 791 3761 quidem
806 3672 880 3741 licet
895 3672 1183 3742 subcenturionem
1201 3698 1217 3736 r<
1231 3671 1298 3740 don
1314 3672 1459 3741 Garciau

291 3793 519 3884 multiplicibus
540 3796 757 3866 lasciuientem
775 3797 940 3866 amoribus
964 3795 1232 3887 mulierculasque
1257 3796 1343 3864 haud
1366 3819 1461 3865 cunc·

292 3938 395 3988 tauter
413 3918 704 4011 derelinquentem,
721 3923 991 4014 quotiescumque
1010 3921 1194 4012 praesidium
1210 3921 1283 3990 loco
1300 3939 1459 3990 mutatur.

286 4042 414 4128 'Quales
424 4064 532 4114 tamen
542 4063 630 4115 certo
643 4046 763 4116 luerint
773 4049 843 4116 istae
857 4047 1103 4137 conjunctiones
1119 4047 1254 4115 minime
1269 4046 1461 4137 explicatur,

291 4166 413 4260 tibique
432 4171 613 4240 existimare
635 4170 708 4239 licet
731 4170 770 4241 de
792 4142 993 4263 sponsalibus
1018 4189 1146 4240 tantum
1171 4172 1241 4262 agi;
1265 4169 1352 4239 nulla
1373 4170 1460 4240 enirn

329 4443 351 4482 1.
373 4427 411 4482 La
426 4427 508 4482 banna
521 4426 621 4500 muglie.

327 4541 352 4585 2.
373 4525 543 4584 l’adulalore.

331 4642 354 4697 3.
371 4626 388 4679 Ι
397 4626 446 4680 duc
457 4623 559 4698 gemelli
570 4626 712 4696 veneziani.

325 4737 353 4790 4.
373 4723 434 4778 Dan
450 4723 582 4778 Giwanne'
598 4722 705 4778 Tmario
719 4737 736 4776 o
751 4716 777 4775 Il
790 4721 917 4779 dissoluto.

330 4834 352 4887 5.
374 4817 507 4876 L'amantt
519 4822 642 4876 militare.
