3588 5680
371 658 432 706 112
541 658 586 704 DE
611 655 793 703 GOLDONIO
818 654 960 702 ITALICAE
985 656 1103 704 SCAENAE
1129 655 1366 703 CORRECTORE.

366 797 542 886 improviso
558 796 768 862 recitarentur
781 793 961 861 scribendas
978 817 1074 884 quam
1088 793 1128 861 ad
1142 817 1261 861 scaenas
1275 794 1354 861 scite
1375 791 1535 881 explican-

368 919 436 1003 das,
450 919 510 987 etsi
523 940 733 1008 personarum
747 940 914 985 sermones
930 937 1052 987 naturae
1067 919 1206 1007 proximi
1220 935 1326 985 essent
1341 943 1373 982 n.
1395 917 1533 985 Peritio·

368 1066 418 1111 res
432 1044 529 1110 etiam
544 1041 668 1112 indoles
683 1041 821 1110 diversas
831 1041 1064 1125 desiderabant,
1076 1065 1158 1132 quos
1167 1040 1307 1131 fugiebat
1317 1065 1425 1110 revera
1436 1042 1534 1109 animi

370 1165 598 1258 tranquillitate
628 1166 749 1235 Dorval
772 1168 826 1235 irae
846 1168 1020 1256 impotenti
1043 1166 1205 1234 Gerontio
1228 1166 1319 1235 valde
1342 1189 1531 1256 repugnare.

369 1292 498 1362 Rectius
514 1309 624 1360 autern
638 1289 831 1381 judicassent
846 1293 901 1381 qui
916 1291 1065 1360 Gerontii
1087 1291 1249 1380 optimum
1271 1291 1438 1378 ingenium
1453 1291 1533 1358 vitio

368 1433 559 1504 corruptum
578 1436 645 1481 esse
667 1414 833 1498 dixissent,
848 1437 924 1482 cum
948 1432 980 1482 et
998 1414 1136 1495 nescius,
1153 1436 1235 1503 quos
1257 1415 1397 1480 maxime
1417 1412 1531 1500 diligit,

366 1541 412 1606 ira
434 1557 581 1628 torquet;
600 1538 694 1626 hujus
711 1560 788 1605 vero
810 1537 911 1626 culpae
931 1537 1214 1619 obliviscebantur,
1232 1536 1311 1605 dum
1332 1535 1445 1604 fabulae
1469 1559 1533 1605 no·

368 1660 448 1730 dum
458 1660 591 1730 feliciter
606 1659 790 1752 expeditum
803 1661 968 1743 videbant,
980 1685 1068 1743 cum,
1080 1663 1106 1730 si
1121 1660 1262 1730 callidius
1273 1681 1355 1729 esset
1366 1661 1531 1750 explicata,

370 1783 533 1854 comoedia
547 1783 653 1854 multo
669 1787 771 1872 magis
787 1784 932 1854 moribus
947 1784 1129 1876 profuisset.

413 1910 502 1978 lnter
519 1928 568 1977 tot
593 1907 795 1978 laudantium
819 1933 884 1978 una
906 1933 970 1978 vox
996 1909 1114 1978 absona
1138 1908 1345 1977 audiebatur:
1371 1907 1530 1976 Collaeus¹

367 2032 486 2101 scilicet
511 2032 668 2102 Goldonii
690 2033 830 2103 fabulam
854 2032 1015 2124 improbat
1044 2031 1240 2123 taediumque
1267 2031 1434 2100 allaturam
1462 2055 1530 2100 eam

367 2158 506 2246 judicat3
523 2180 564 2225 ne
579 2181 664 2226 nova
678 2157 810 2247 quidem
824 2157 869 2224 illi
891 2183 907 2221 r<
925 2158 1051 2225 Morosi
1067 2155 1200 2226 benefici
1218 2182 1234 2220 r>
1251 2156 1376 2225 indoles
1392 2156 1529 2240 videtur,

371 2305 441 2371 quae
456 2279 676 2364 Stomachosi,
693 2281 753 2348 Irae
766 2281 968 2370 impotentis,
983 2304 1019 2348 ac
1032 2280 1161 2349 Ferocis
1174 2282 1331 2370 particeps
1345 2282 1396 2350 sit.
1417 2308 1432 2344 r
1451 2283 1531 2349 Rus·

368 2405 482 2488 ticum,
504 2426 563 2471 nec
585 2403 823 2472 tolerandum»
842 2406 1011 2473 hominem
1031 2405 1180 2472 nominat
1201 2431 1216 2468 u
1236 2405 1455 2494 bajulumque,
1477 2405 1530 2492 qui

367 2527 471 2596 verbis
494 2527 674 2596 conditioni
696 2552 761 2596 suae
781 2530 889 2597 minus
912 2528 1178 2597 convenientibus
1199 2547 1358 2597 utatur».
1382 2527 1530 2596 Nimium

368 2651 457 2743 qnod
479 2652 654 2742 peregrinis
678 2652 847 2742 indulgent
871 2652 1007 2744 aequales
1031 2675 1108 2722 suos
1131 2655 1296 2742 increpat:
1321 2648 1530 2719 afautoribus

366 2777 524 2864 promissa
540 2775 691 2844 miracula
707 2800 774 2845 non
790 2779 984 2867 prompsisse
996 2775 1213 2859 Goldonium,
1226 2776 1277 2843 cui
1293 2794 1415 2860 tamen,
1431 2774 1530 2863 angli-

368 2923 483 2968 corum
505 2900 810 2991 hispanicorumque
827 2920 998 2990 poetarum
1019 2902 1052 2968 in
1076 2901 1138 2969 hoc
1158 2901 1266 2982 simili,
1288 2898 1426 2968 multam
1447 2901 1530 2966 ima-

368 3023 500 3113 ginandi
521 3042 620 3115 atque
641 3024 825 3091 inveniendi
847 3027 972 3114 copiam
996 3025 1103 3093 adesse
1123 3021 1261 3107 fatetur;
1290 3051 1306 3088 r<
1322 3046 1398 3091 cum
1421 3041 1530 3092 autem

368 3149 497 3231 rationi,
514 3167 638 3215 naturae
650 3171 791 3238 veroque
807 3149 1016 3238 repugnantia
1031 3148 1169 3238 plurima
1189 3150 1360 3238 scriptores
1377 3150 1429 3216 isti
1443 3150 1531 3216 inve-

369 3273 488 3353 nerint,
503 3273 572 3360 jure
587 3270 717 3358 gallicos
733 3272 859 3340 criticos
880 3273 953 3341 talia
972 3291 1181 3341 contemnere
1200 3295 1294 3361 posse
1311 3299 1340 3342 ».
1357 3274 1437 3342 Non
1452 3270 1531 3340 Gol-

369 3395 506 3463 donium
522 3395 642 3480 solum,
660 3396 889 3487 quodcumque
903 3417 1010 3466 autem
1027 3416 1093 3465 erat
1108 3417 1276 3465 externum
1293 3396 1434 3465 Collaeus
1455 3396 1531 3464 ode·

369 3539 416 3587 rat
425 3532 449 3602 ²,
471 3543 610 3610 cumque
631 3520 736 3588 multo
760 3538 887 3589 tantum
907 3520 1016 3590 labore
1035 3540 1071 3590 ut
1085 3545 1152 3589 suae
1166 3521 1337 3590 comoediae
1354 3523 1389 3589 in
1405 3520 1529 3589 Gallico

368 3643 494 3711 theatro
508 3663 680 3732 agerentur
693 3645 898 3731 obtinuisset,
919 3646 1095 3715 mirabatur
1114 3669 1265 3736 aegroque
1284 3645 1403 3714 ferebat
1421 3645 1529 3714 animo

366 3769 572 3856 peregrinum
587 3768 755 3837 hominem
771 3792 805 3837 se
817 3768 993 3838 feliciorem
1009 3770 1117 3838 fuisse.
1140 3770 1251 3861 Itaque
1267 3794 1335 3838 non
1351 3771 1425 3838 satis
1441 3791 1530 3859 aeque

367 3890 443 3978 quid
469 3914 594 3958 novum
616 3893 657 3960 sit
686 3894 718 3959 in
749 3893 904 3961 Goldonii
931 3893 1036 3962 fabula
1061 3896 1224 3984 agnoscit,
1248 3916 1435 3984 quanquam
1462 3915 1529 3961 non

370 4015 508 4082 omnino
523 4034 618 4100 errat,
638 4040 712 4083 cum
728 4016 766 4083 de
781 4017 863 4085 illius
877 4019 1088 4109 intemperata
1108 4018 1307 4108 imaginandi
1321 4020 1412 4107 copia
1426 4018 1529 4108 loqui·

367 4157 431 4222 tur,
450 4161 590 4229 cumque
605 4139 792 4210 validiorem
808 4166 882 4210 eum
899 4167 966 4211 esse
980 4142 1018 4211 ad
1040 4143 1272 4211 inveniendum
1287 4142 1363 4211 dicit
1377 4165 1477 4234 quam
1490 4141 1529 4209 ad

366 4280 439 4350 apte
455 4280 486 4331 et
501 4263 650 4331 concluse
669 4264 902 4334 disserendum.
919 4265 1008 4335 Nihil
1027 4285 1135 4334 autem
1156 4266 1241 4334 aliud
1258 4290 1293 4334 ea
1310 4283 1403 4335 aetate
1419 4265 1529 4334 Gallos

368 4388 469 4474 magis
485 4386 662 4472 deficiebat,
678 4413 776 4478 quam
790 4391 836 4457 vis
849 4389 1061 4479 imaginandi;
1075 4414 1137 4483 qua
1148 4393 1273 4460 ratione
1283 4393 1422 4460 externis
1432 4393 1528 4480 scrip·

403 4695 425 4736 1.
442 4680 551 4749 Journal
564 4680 593 4736 da
607 4679 687 4747 Colle,
702 4696 777 4752 1771.

401 4793 424 4832 2,
446 4777 507 4833 Vid.
526 4779 730 4846 sainte-Beuve,
745 4780 886 4836 Nouveaux
900 4779 994 4844 lundis,
1009 4792 1028 4837 t,
1045 4779 1105 4845 VII,
1122 4798 1147 4850 p.
1167 4797 1225 4850 370.
