996 1552
215 223 236 240 88
302 228 324 239 nn
336 227 427 239 αοιυοκιο
440 227 510 239 muca-z
522 227 582 239 senua
595 228 714 240 εοιιεετοη.

215 263 249 284 jure
255 262 338 284 usurpavit
346 262 397 279 homo
404 268 422 279 ac
429 268 466 279 vera
472 262 507 284 ejus
513 262 586 279 con-{itio
594 262 614 279 ad
622 263 699 280 ultimum
707 263 797 285 detegitur,

215 299 267 315 neque
274 293 317 310 illam
325 293 373 310 habet
380 298 482 310 conszantem
489 299 507 310 ac
512 293 597 316 superbam
602 294 653 311 animi
658 294 799 316 tranquillitatem,

216 330 247 347 qua
258 324 334 346 praeditus
343 329 367 341 est
378 324 442 341 Mulieri
450 331 458 340 α
467 324 550 341 Dominus
556 324 627 346 Joanues
637 331 652 345 n,
661 325 733 347 quivere
741 325 800 342 nobilis

216 359 245 372 esti
259 354 304 372 Dolo
317 355 371 377 potius
383 355 417 372 fere
428 355 486 372 endem
499 355 550 372 utitur
561 361 601 378 quo,
615 356 631 372 in
644 360 698 373 vetere
708 356 764 378 gallica
775 356 800 373 fa-

215 385 259 406 bula,
268 386 361 403 Pathelinus
368 391 474 403 mercatorem
479 386 566 409 quemdam
574 392 629 408 panno
637 387 716 409 emungit.
727 387 800 404 Scaenam

215 422 267 434 totam
280 417 365 434 transferre
375 423 440 435 necesse
451 418 478 438 sir,
489 422 506 435 ut
518 417 597 439 intelligat
607 417 659 435 lector
671 424 719 440 qnam
729 418 768 435 scite
779 418 800 435 sit

214 448 298 471 explicata,
312 453 405 471 quantaque
419 448 504 466 cailiditate
518 449 567 466 miser
580 448 665 466 deludatur
678 448 745 471 propola
751 463 755 469 ,
772 449 801 472 qui

216 485 297 500 mercem,
310 479 340 496 nisi
352 484 436 496 numerata
447 480 490 502 prius
503 480 580 502 pecunia,
592 479 655 497 tradere
667 484 722 502 negat,
736 480 801 497 tandem

215 516 288 533 pannum
294 510 352 527 auferri
359 510 411 527 sinere
418 515 488 527 coactus.
497 511 555 528 Unum
562 515 617 527 tamen
625 510 698 531 verbum,
707 516 741 533 quo
749 516 801 528 scaena

217 541 326 562 concluditur,
334 540 407 558 referam.

240 572 284 589 Cum
293 572 372 593 Leander,
381 572 474 589 Pantalonis
482 572 531 593 filius,
538 573 567 595 qui*
574 572 680 589 creditoribus
690 572 762 589 debiturn
770 572 802 589 sol-

216 609 254 620 vere
265 609 299 620 non
308 604 368 626 potuit,
379 604 416 626 quia
425 604 459 626 ipse
470 604 540 620 nimium
552 603 610 620 talibus
622 604 689 621 eredidit
701 604 802 626 emptoribus

217 634 268 657 qualis
275 639 298 651 est
306 634 371 655 Silvius,
380 634 423 651 hunc
430 635 509 656 vituperat
518 634 562 657 quod
570 634 686 652 contumeliam
693 640 731 656 erga
741 641 758 652 se
767 641 802 657 ege-

218 666 245 686 rit,
253 671 302 688 seque
309 665 380 688 proburn
388 671 422 682 esse
429 666 481 682 virum
489 671 518 682 nec
526 665 574 682 talem
582 666 658 687 injuriam
666 666 744 682 merirum
751 666 783 683 ait:

239 706 261 709 —
270 703 279 713 α
288 697 314 713 Te
320 696 400 719 probum!
410 697 484 719 pessit-ne,
494 696 572 714 exclamat
582 696 647 718 Silvius,
657 697 685 719 qui
696 696 757 714 credita
769 702 803 714 non

218 727 289 744 solvisti!
298 734 306 743 υ

240 759 301 776 Nonne
309 759 340 776 hoc
347 759 409 781 optime
416 764 432 776 et
440 759 480 776 salse
487 759 555 779 dictum,
569 764 602 782 quo
617 758 651 776 falsi
663 759 728 776 comitis
739 759 803 781 penitus

219 790 313 807 ostendatur
320 790 426 812 impudentia,
435 796 472 807 curn
480 790 514 812 ipse
521 796 567 807 causa
578 789 625 807 fuerit
637 796 665 807 cur
676 790 725 807 miser
736 789 803 807 Pantalo

220 820 259 838 boni
265 821 360 838 mereatoris
367 821 504 838 existimationem
511 821 608 843 perdiderit!

414 907 423 930 §
432 912 447 929 5.
455 916 476 919 ——
483 907 509 923 De
516 907 609 929 peregrinis.

242 972 287 989 inter
295 976 320 988 tot
327 977 410 994 personas,
419 977 455 994 quae
465 971 601 993 goldonianarum
612 971 701 988 fabularum
710 976 763 994 partes
771 977 805 988 sus-

221 1003 280 1024 tinent,
289 1008 323 1019 non
329 1002 379 1019 Italos
386 1007 450 1019 tantum
457 1002 537 1019 cernimus
543 1008 547 1022 ;
554 1002 637 1019 interdum
647 1007 723 1024 apparent
734 1007 750 1019 et
761 1008 805 1025 pere-

220 1033 269 1055 grini,
281 1033 377 1056 quibuscum
387 1033 430 1050 inter
439 1033 476 1050 vitae
486 1039 519 1050 suae
530 1032 619 1055 peri-nultos
629 1039 674 1050 casus
686 1034 804 1050 commercium

221 1069 277 1081 noster
284 1064 366 1081 habuerat.

244 1096 322 1112 Batavum
329 1095 360 1117 jam
368 1099 475 1117 mercatorem
484 1101 492 1110 α
501 1095 596 1112 Raimurum
605 1101 613 1110 ι)
619 1094 689 1111 vidimus
696 1098 700 1104 ¹
708 1095 804 1116 admodum,

221 1132 254 1143 suae
258 1126 311 1149 gentis
318 1126 373 1147 instar,
382 1125 455 1149 aequabili
462 1126 517 1143 animo
524 1131 540 1143 et
549 1125 642 1146 moderato;
655 1125 746 1143 officiosum
755 1131 805 1147 certe,

222 1163 256 1175 non
263 1157 323 1174 idcirco
331 1162 386 1174 tamen
393 1162 460 1173 suorum
471 1156 597 1173 commodorum
609 1157 716 1173 incuriosum.
729 1157 806 1179 Magnam

223 1189 288 1211 quidem
300 1188 384 1211 pecuniam
396 1187 480 1204 Pantaloni
493 1188 556 1205 credere
567 1187 648 1208 concedit,
659 1192 676 1204 ut
689 1187 733 1205 illius
744 1188 806 1210 integra

242 1266 253 1276 ι,
264 1261 272 1275 1
278 1262 338 1275 amanti
