3588 5680
389 653 430 737 98
561 670 605 716 DE
629 667 812 716 GOLDONIO
837 668 978 716 ITALlCAE
1002 667 1123 715 SCAENAE
1148 666 1384 714 CORRECTORE.

388 806 487 891 eruit3
505 827 564 872 nec
584 803 719 873 difficilis
733 826 830 893 opera
844 822 923 889 erat,
939 827 1016 872 nam
1031 804 1118 872 illam
1133 821 1294 872 mercator
1308 802 1454 871 efflictim
1468 823 1552 871 amat

387 946 433 1010 et,
448 930 593 1019 quamvis
608 931 672 1016 jam
683 929 724 996 sit
737 950 846 1009 senex,
862 928 1113 1018 simplicissimus
1127 927 1315 1016 permansit.
1330 926 1438 996 Rebus
1453 927 1553 994 semel

387 1053 530 1143 perditis,
548 1051 708 1142 pollicitus
723 1050 854 1142 quidem
869 1068 917 1120 est
932 1075 965 1121 se
981 1052 1079 1118 vitam
1095 1067 1294 1119 mutaturum
1310 1049 1550 1141 amoribusque,

387 1192 516 1242 aetatem
534 1197 625 1252 suam
647 1195 714 1242 non
735 1172 934 1257 decentibus,
950 1173 1207 1241 valedicturum:
1233 1171 1354 1240 «Talis
1376 1189 1486 1240 autem
1504 1172 1520 1239 f
1536 1211 1553 1223 -

389 1299 490 1382 mina,
508 1298 562 1380 ait,
581 1313 739 1388 quantum
760 1321 778 1364 a
798 1298 908 1364 ceteris
923 1296 1098 1386 discrepat!
1114 1297 1199 1364 Vera
1213 1295 1384 1384 margarita
1399 1313 1467 1381 est;
1484 1317 1553 1362 me-

388 1418 501 1488 liorem
522 1441 589 1487 non
613 1419 787 1488 inveniam.
813 1420 924 1506 Juravi
945 1419 1077 1510 quidem
1099 1419 1273 1509 sapientius
1297 1440 1349 1487 me
1367 1435 1549 1506 gesturum,

387 1542 493 1634 neque
512 1561 622 1612 autem
646 1565 760 1612 omnes
775 1543 849 1610 vitae
868 1542 1050 1632 voluptates
1066 1542 1306 1611 abdicaturum!
1326 1568 1343 1606 »
1362 1542 1436 1610 Hoc
1452 1540 1551 1610 modo

390 1665 574 1734 firmissima
594 1683 766 1734 vertuntur
790 1667 939 1748 consilia,
964 1690 1039 1735 cum
1059 1667 1271 1734 meretriciam
1293 1684 1397 1734 artem
1421 1664 1553 1732 mulier-

387 1789 457 1859 cula
472 1791 601 1880 penitus
621 1790 725 1858 novit.
749 1789 843 1857 Heu!
861 1790 1016 1858 miserum
1038 1789 1265 1870 Pantalonem,
1283 1787 1485 1878 simplicitate
1500 1807 1552 1856 tua

387 1936 423 1982 ac
439 1913 535 1983 tardis
548 1914 749 2004 cupidinibus
766 1913 929 1982 delusum!
949 1914 1092 1999 Quando
1108 1914 1220 2006 aliquis
1234 1912 1349 1982 talium
1361 1912 1551 1982 feminarum

386 2041 421 2108 in
444 2061 558 2108 manus
581 2039 680 2108 semel
703 2037 863 2123 inciderit,
877 2056 946 2106 tam
969 2056 1037 2106 atte
1063 2058 1173 2128 captus
1197 2055 1257 2122 est,
1279 2055 1317 2104 ut
1342 2037 1476 2107 evadere
1498 2061 1551 2106 ne·

387 2179 495 2254 queat,
513 2161 574 2229 nisi
594 2177 737 2250 pectore,
761 2161 904 2250 corporis
927 2161 1027 2230 salute
1050 2182 1081 2230 et
1099 2164 1167 2252 ipsa
1185 2162 1423 2232 existimatione
1436 2163 1552 2252 gravis-

355 2339 363 2347 .
386 2286 470 2353 sime
481 2284 563 2352 laesis
577 2304 612 2351 ac
624 2284 815 2371 plerumque
830 2280 970 2373 perditis.

862 2625 903 2668 DE
926 2624 1078 2672 metatis.

433 2851 482 2918 Ex
505 2848 657 2917 omnibus
679 2845 825 2917 femineis
851 2848 992 2937 partibus
1020 2865 1134 2936 praetet
1156 2863 1277 2915 ceteras
1300 2849 1334 2915 in
1354 2847 1553 2938 goldoniano

389 2974 516 3044 theatro
530 2973 674 3040 eminent
696 2971 934 3055 ancillularum,
957 2971 1073 3062 quibus
1093 2988 1235 3039 ceterum
1257 2973 1292 3039 in
1316 2972 1554 3042 Commentariis

390 3114 502 3163 noster
516 3117 550 3163 se
565 3117 690 3184 semper
708 3094 878 3162 indulsisse
899 3091 1028 3163 fatetur.
1054 3094 1183 3162 Etenim
1210 3118 1281 3185 quae
1304 3095 1453 3164 mulieres
1472 3095 1554 3164 hanc

390 3241 562 3308 personam
576 3218 711 3306 agebant
725 3217 830 3305 gregis
845 3217 970 3284 scaenici
985 3218 1117 3308 optimae
1131 3237 1234 3305 erant,
1252 3219 1341 3310 quod
1359 3221 1420 3289 illis
1434 3239 1554 3289 extem·

388 3341 506 3433 poralis
521 3340 690 3410 comoediae
703 3339 828 3408 vividus
843 3339 982 3425 animus,
995 3342 1140 3429 pervicax
1147 3340 1313 3428 festivitas,
1325 3345 1447 3432 ingenii
1459 3366 1554 3415 aestus

390 3467 479 3535 seriae
502 3464 675 3554 disciplinae
695 3460 918 3532 admiscendus
939 3481 1022 3546 erat,
1044 3487 1106 3554 qua
1128 3483 1206 3534 tunc
1229 3467 1402 3535 emendato
1427 3469 1553 3540 theatro

390 3613 472 3680 opus
492 3610 578 3676 erat3
602 3590 657 3660 sed
680 3613 755 3659 cum
777 3589 828 3658 hae
850 3605 972 3656 naturae
993 3588 1086 3657 dotes
1104 3585 1205 3658 labori
1226 3590 1436 3677 addebantur,
1457 3616 1554 3683 quem

390 3735 533 3785 correcta
546 3738 649 3784 scaena
665 3713 811 3804 rogabat,
828 3712 934 3781 bonus
947 3711 1043 3781 fiebat
1058 3732 1227 3804 certusque
1241 3739 1417 3785 successus.

434 3838 551 3907 Studio
566 3839 665 3927 igitur
677 3838 808 3928 proprio
823 3835 1022 3929 obsequendi
1038 3861 1130 3906 causa
1150 3838 1246 3906 simul
1266 3862 1302 3907 ac
1321 3860 1552 3930 spectatorum,

390 3979 421 4030 et
434 3963 612 4052 primatum
626 3962 766 4050 partium
787 3961 932 4050 personis
946 3960 1103 4050 placendi,
1119 3985 1192 4052 quae
1210 3963 1332 4052 populo
1356 3987 1465 4032 coram
1485 3988 1553 4055 per-

390 4085 468 4174 spici
483 4084 653 4175 cupiebant
663 4084 739 4175 quid
754 4101 886 4172 possent
901 4083 1038 4167 efficere,
1051 4084 1167 4153 multas
1177 4084 1296 4154 fabulas
1310 4089 1552 4178 poetascripsit,

388 4209 422 4277 in
438 4208 553 4298 quibus
564 4208 720 4277 ancillulae
734 4210 907 4278 eminent¹.
924 4208 1113 4294 Nonnullae,
1126 4232 1232 4300 neque
1243 4209 1305 4278 illae
1320 4212 1465 4301 optimae,
1478 4230 1553 4279 sunt

388 4336 495 4420 seriae3
525 4333 648 4403 felicior
667 4352 777 4402 autem
799 4333 1001 4416 Goldonius,
1029 4357 1103 4402 cum
1125 4358 1163 4402 ex
1184 4358 1276 4404 more
1301 4335 1410 4405 fictam
1431 4335 1553 4427 profert

389 4497 599 4512 *-

427 4605 449 4645 r.
462 4588 767 4661 Lagosroldo,Ladonno
775 4587 804 4642 di
811 4587 898 4660 garbo,
906 4587 944 4642 La
953 4591 1092 4644 cauteriem
1102 4589 1230 4657 brillonte,
1241 4591 1280 4646 La
1293 4593 1377 4646 donna
1391 4594 1420 4648 di
1431 4611 1550 4666 goverm,

387 4677 426 4732 La
447 4677 531 4732 donna
551 4678 723 4742 vindicatum,
737 4677 754 4730 I
766 4675 884 4748 puntigli
902 4677 1040 4744 domestici,
1056 4679 1094 4733 Lo
1113 4695 1184 4733 serva
1199 4697 1325 4750 amorosa,
1340 4683 1380 4736 Lo
1398 4682 1552 4749 locondiera,

387 4776 437 4822 etc.
