3588 5680
332 664 392 729 124
501 662 545 708 DE
571 660 751 709 GOLDONIO
775 660 917 708 lTALlCAE
943 661 1063 710 SCAENAE
1088 661 1327 710 CORRECTORE.

328 802 452 873 duabus
465 802 532 871 aliis
552 800 685 871 fabulis:
701 799 848 891 Zelotypo
869 801 1001 870 Avato¹
1026 818 1058 871 et
1078 803 1189 871 Auara
1204 803 1327 892 fastum
1350 815 1498 872 amonte²

329 929 486 998 tractavit.

373 1054 524 1137 Quarum
542 1050 779 1120 comoediarum
801 1050 889 1142 prior
913 1050 1047 1118 minime
1070 1049 1165 1120 valet.
1193 1050 1341 1136 Pantalo,
1364 1070 1499 1122 venetus

328 1195 500 1261 mercator,
512 1176 642 1246 avaritia
656 1175 798 1264 simulac
808 1174 966 1265 zelotypia
979 1193 1166 1266 torquetur3
1179 1175 1279 1259 dona,
1293 1200 1364 1268 quae
1375 1177 1499 1244 eximiae

328 1301 575 1394 pulchritudinis
591 1301 685 1370 uxori
700 1324 766 1369 suae
781 1298 942 1384 feruntur,
954 1299 1091 1370 libenter
1104 1301 1231 1391 accipit,
1243 1303 1298 1370 sed
1314 1325 1382 1370 sese
1392 1302 1497 1372 occul·

329 1446 388 1513 tat,
409 1447 445 1497 ut
465 1426 571 1497 abdite
592 1445 775 1495 amatorum
799 1445 919 1496 secreta
935 1409 1014 1495 eum
1035 1429 1175 1516 conjuge
1196 1425 1358 1519 colloquia
1378 1425 1494 1497 audiat.

329 1553 433 1621 Uxori
447 1553 618 1643 pecuniam
631 1550 766 1643 subripit
783 1550 865 1620 clam'
879 1575 896 1620 a
911 1569 1001 1643 patre
1016 1548 1144 1637 datam;
1161 1575 1317 1621 nummos
1331 1575 1451 1642 magno
1465 1554 1498 1620 in

328 1676 448 1746 faenore
470 1677 564 1766 ponit
583 1694 628 1760 et,
646 1699 722 1744 cum
742 1676 777 1745 in
795 1698 834 1743 eo
853 1695 914 1759 est,
931 1693 968 1744 ut
987 1676 1257 1765 amagistratibus
1275 1677 1451 1770 deprensus
1464 1679 1496 1745 in

330 1811 488 1871 carcerem
504 1803 706 1892 conjiciatur,
719 1804 891 1892 conjugem
907 1803 1030 1871 mavult
1045 1800 1129 1892 apud
1142 1820 1269 1893 patrem
1283 1800 1387 1872 redite
1400 1826 1497 1894 quarn

328 1929 516 1998 thesaurum
536 1951 570 1998 se
591 1926 734 2019 perdere.
760 1926 824 1996 Sed
848 1925 969 2010 subito,
994 1926 1073 1994 dum
1096 1928 1217 2018 cogitat
1236 1925 1407 1997 venturam
1432 1950 1499 1996 esse

328 2054 427 2136 diem,
454 2075 518 2143 qua
541 2051 690 2120 mortalia
710 2051 796 2120 bona
820 2050 1023 2120 abdicaturus
1045 2053 1099 2137 sit,
1119 2051 1249 2122 vivendi
1265 2049 1402 2121 modum
1422 2075 1497 2122 om-

328 2179 407 2245 nino
418 2179 513 2245 vet'tit
523 2177 751 2267 promittitque
762 2199 795 2244 se
809 2177 843 2243 in
858 2174 1007 2244 fututum
1023 2177 1084 2245 rari
1099 2175 1236 2268 exempli
1251 2178 1404 2280 maritum
1416 2176 1494 2245 fote.

372 2303 616 2390 Argumentum
643 2323 718 2369 sane
738 2305 811 2369 vet'e
839 2300 1003 2370 comicum
1030 2301 1064 2368 in
1091 2303 1202 2402 Auara
1225 2301 1346 2391 fastum
1375 2313 1499 2370 amante

328 2427 466 2516 reperire
482 2443 545 2507 est,
562 2427 674 2516 quain
694 2423 811 2509 fabula,
832 2424 946 2514 gallico
969 2429 1120 2494 'sermone
1140 2425 1269 2516 scripta,
1291 2449 1404 2494 avarus
1424 2421 1499 2517 q'ui-

329 2549 404 2617 dam
421 2550 617 2635 ostenditur,
634 2553 689 2641 qui
706 2549 921 2619 dissolutioris
937 2549 1133 2619 liberalitatis
1143 2552 1187 2618 ita
1201 2553 1340 2642 speciem
1357 2549 1496 2637 affectat,

329 2694 377 2760 ut,
393 2698 470 2743 eum
483 2675 657 2765 prodigum
676 2699 745 2744 esse
760 2678 959 2761 existimans,
976 2677 1109 2763 virginis
1125 2695 1241 2760 mater,
1261 2699 1361 2765 quam
1382 2675 1498 2744 ductu·

328 2807 381 2868 rus
404 2802 457 2884 sit,
481 2800 544 2869 hoc
561 2801 677 2869 vitium
695 2823 809 2891 perosa
828 2799 930 2868 filiam
954 2801 1109 2889 ei'neget.
1132 2801 1180 2870 Re
1200 2797 1332 2870 tandem
1355 2801 1496 2889 cognita,

326 2925 459 2995 alteram
487 2925 647 3015 repulsam
674 2925 777 2992 homo
807 2925 916 3008 refert,
940 2927 1014 3016 quia
1042 2948 1154 2993 avarus
1183 2927 1366 3010 invenitur;
1391 2927 1498 3018 itaque

327 3051 494 3140 utriusque
516 3051 585 3119 vitii
610 3051 750 3118 vicissim
773 3073 885 3140 poenas
907 3050 981 3119 dare
1001 3051 1141 3140 cogitur.
1167 3050 1356 3140 Ingeniose,
1373 3049 1494 3119 hercle!

327 3173 357 3241 id
369 3173 495 3258 fictum,
506 3191 666 3265 quantum
676 3193 786 3243 autem
794 3175 888 3244 distat
898 3173 1363 3264 taleargumenturnaMolieri
1373 3177 1495 3257 Auara,

327 3299 382 3388 qui
396 3297 493 3386 longe
509 3297 604 3366 altius
618 3298 770 3367 humanae
791 3301 909 3368 mentis
925 3301 1040 3368 intima
1059 3298 1215 3390 perfodit!
1234 3299 1330 3388 Apud
1348 3297 1496 3388 gallicum

327 3441 457 3512 poetam
472 3422 561 3493 nulla
576 3422 698 3506 fraude,
716 3423 806 3492 nullo
821 3446 930 3492 errore
946 3424 1113 3514 deciperis,
1130 3447 1189 3492 nec
1207 3425 1298 3492 istius
1310 3422 1402 3491 modi
1416 3423 1498 3492 dolis

326 3549 656 3637 spectatoris'animus
670 3547 832 3618 deluditur
839 3575 849 3632 ;
872 3548 1103 3640 quodcumque
1118 3549 1240 3634 evenit,
1258 3571 1297 3615 ex
1316 3549 1383 3638 ipsa
1402 3550 1498 3616 Avari

326 3669 435 3739 indole
456 3674 569 3740 oritur.
597 3671 781 3742 Goldonius
802 3672 929 3758 saltem,
955 3695 1030 3740 curn
1051 3690 1143 3742 tanto
1166 3674 1236 3741 viro
1260 3671 1404 3741 aemulati
1427 3691 1497 3740 stu-

326 3794 417 3878 dens,
442 3797 533 3862 omni
558 3819 631 3864 cura
655 3799 688 3863 in
712 3821 814 3864 unum
836 3795 1003 3864 intendere
1028 3796 1151 3882 debuit,
1178 3798 1292 3865 necin
1319 3797 1420 3865 tribus
1444 3817 1496 3864 aut

327 3920 660 4008 quattuorcomoediis
670 3923 753 3989 vires
762 3923 805 3988 ita
817 3921 1013 4010 dispergere,
1026 3939 1062 3989 ut
1077 3922 1110 3989 in
1122 3943 1248 4012 quaque
1258 3919 1355 4010 longe
1365 3921 1498 3989 inferior

327 4042 427 4111 fieret.

370 4291 493 4358 lterum
518 4292 551 4357 in
576 4291 705 4359 Mulieri
728 4315 841 4382 agrum
860 4294 1020 4360 incursare
1045 4294 1180 4360 tentavit
1207 4309 1317 4360 noster
1336 4291 1496 4360 comoedia

325 4414 477 4503 quadam,
499 4419 589 4506 cujus
610 4417 783 4506 praecipuas
804 4437 907 4506 partes
928 4417 1063 4505 gallicus
1087 4436 1183 4507 poeta
1205 4417 1272 4507 ipse
1294 4435 1395 4485 tenet.
1419 4416 1497 4485 Tar·

364 4737 386 4775 1.
408 4719 433 4773 ll
444 4719 525 4790 geloto
538 4734 626 4777 avaro.

362 4833 385 4873 2.
407 4817 515 4872 L'avare
529 4817 653 4882 [mlum.
