3600 5682
333 642 368 710 14
502 643 547 698 DE
571 641 753 690 GOLDONIO
777 641 920 689 ITALICAE
945 643 1065 691 SCAENAE
1089 637 1328 692 CORRECTORE.

329 798 503 872 antequam
526 780 689 868 pulpitum
718 779 884 860 introiret,
907 779 1095 868 respiciebat
1124 800 1214 850 actor
1233 799 1283 864 et,
1310 804 1386 848 cum
1407 776 1500 850 uoca-

331 903 436 985 batur,
451 903 538 971 solus
562 922 616 970 aut
639 926 714 970 cum
732 903 800 970 aliis
821 903 1051 992 extemporalia
1070 903 1254 992 proferebat
1270 903 1408 990 indicna,
1426 927 1500 995 quae

330 1029 439 1096 statim
458 1027 590 1115 legerat.
611 1027 751 1096 Necesse
771 1046 837 1094 erat
859 1046 894 1094 ut
914 1029 958 1094 sic
977 1027 1138 1116 permulta
1159 1027 1316 1098 dissoluta
1338 1026 1501 1119 fractaque

328 1171 608 1242 expromerentur,
624 1150 793 1241 fabulaque
808 1168 937 1220 tantum
953 1151 1077 1219 valebat
1094 1170 1254 1242 quantum
1271 1154 1326 1244 qui
1340 1150 1498 1242 agebant}

330 1299 405 1344 cum
428 1275 511 1345 male
534 1276 579 1343 illi
595 1299 629 1344 se
651 1277 824 1358 haberent,
849 1293 903 1342 aut
931 1275 1017 1342 forte
1040 1277 1165 1364 impetu
1188 1296 1353 1358 carerent,
1379 1277 1502 1366 optima

329 1400 520 1470 videbantur
541 1400 661 1468 insulsa
684 1419 739 1468 aut
767 1398 912 1468 ridicula.
942 1399 1068 1467 Contra
1092 1417 1201 1466 autem
1226 1402 1296 1490 quis
1321 1420 1417 1490 neget
1439 1401 1502 1468 hoc

330 1524 499 1614 spectaculi
514 1546 618 1612 genus
632 1525 801 1613 proprium
816 1523 960 1612 leporem
975 1521 1122 1591 habuisse
1136 1543 1166 1591 et
1182 1523 1320 1593 doctiori
1331 1526 1502 1606 comoediae

328 1649 506 1739 ignotum?
531 1647 634 1730 Quod
660 1647 779 1715 subito
799 1648 902 1715 menti
926 1647 1108 1737 suppeditat
1133 1647 1247 1715 melius
1276 1667 1372 1739 atque
1399 1648 1501 1716 laetius

319 1771 519 1861 exprimitur
538 1793 637 1861 quam
651 1793 724 1860 quae
738 1771 906 1838 memoriae
921 1768 1036 1838 tradita
1051 1789 1140 1840 sunt.

373 1897 532 1964 Naturam
557 1895 655 1984 igitur
680 1894 850 1983 potissime
877 1893 1095 1984 sequebantur
1122 1912 1259 1962 actores.
1291 1892 1384 1962 Adde
1412 1894 1501 1984 quod

328 2023 446 2102 iterum
468 2020 611 2104 recitata,
632 2020 750 2086 iterum
771 2041 831 2107 pro
855 2041 940 2085 nova
964 2017 1167 2085 audientibus
1190 2016 1296 2085 fabula
1316 2036 1395 2086 erat.
1417 2019 1502 2100 Quae

327 2143 448 2212 fuerint
469 2166 518 2210 tes
540 2144 582 2210 ita
606 2161 685 2210 actae
707 2141 801 2209 nobis
822 2141 944 2230 fingere
966 2141 1040 2209 licet
1058 2140 1243 2230 improvisis
1264 2140 1400 2225 facetiis,
1423 2143 1501 2231 quas

329 2289 581 2357 nonnunquam,
592 2267 627 2333 in
643 2265 823 2333 minoribus
838 2266 962 2347 scaenis,
980 2266 1029 2333 his
1046 2264 1207 2350 inserunt,
1219 2287 1292 2356 quae
1307 2264 1499 2345 didicerunt,

329 2393 434 2461 nostri
446 2393 584 2472 actores,
601 2413 676 2457 cum
699 2391 820 2456 centies
842 2406 875 2455 et
893 2391 1008 2478 saepius
1025 2389 1138 2457 eadem
1161 2408 1304 2478 repetere
1326 2406 1500 2477 coguntur.

329 2517 354 2584 E
375 2516 507 2604 proprio
525 2513 618 2582 fonte
639 2515 684 2581 sic
703 2512 809 2581 addita
829 2535 898 2580 non
918 2535 1045 2603 semper
1065 2533 1226 2581 emunctae
1247 2514 1331 2582 naris
1352 2511 1502 2580 homines

328 2639 506 2723 delectant,
531 2639 663 2706 taedium
689 2636 803 2705 saltem
832 2638 1001 2726 agentibus
1024 2638 1140 2706 vitant.
1169 2638 1213 2704 Ut
1237 2643 1314 2704 vero
1338 2635 1501 2704 deficienti

328 2765 460 2851 ingenio
479 2783 701 2831 succurrerent
722 2762 777 2852 qui
801 2785 839 2828 ex
860 2763 1038 2850 improviso
1063 2760 1292 2851 loquebantur,
1310 2787 1326 2824 «
1347 2783 1501 2827 commu-

329 2872 423 2955 nibus
439 2869 566 2955 locis'»¹
584 2907 615 2955 et
638 2888 783 2976 pernotis
804 2888 868 2972 jam
887 2883 1030 2953 facetiis²
1056 2885 1241 2952 utebantur.
1259 2885 1391 2951 Horum
1407 2885 1503 2972 primi

329 3010 413 3079 haud
437 3009 579 3077 multum
600 3008 745 3093 aberant,
769 3009 853 3076 salva
874 3031 1033 3096 generum
1054 3005 1245 3092 differentia,
1268 3006 1306 3075 ab
1327 3006 1388 3074 illis
1408 3006 1499 3090 locis,

328 3158 413 3224 quos
429 3132 634 3201 instituendis
651 3130 833 3199 oratoribus
848 3131 972 3220 antiqui
988 3130 1132 3197 rhetores
1144 3130 1436 3214 commendabant;
1449 3131 1503 3199 de·

328 3257 538 3324 clamationes
552 3275 656 3341 erant,
671 3256 863 3344 plerumque
879 3255 917 3322 ab
933 3273 1055 3335 actore,
1076 3276 1151 3322 cum
1165 3253 1255 3322 solus
1274 3256 1307 3321 in
1327 3277 1431 3322 scaena
1454 3276 1503 3321 re·

328 3383 541 3470 linqueretur,
559 3383 698 3448 recitatae
719 3398 750 3446 et
765 3377 804 3445 ad
818 3378 978 3465 generalia
993 3379 1203 3467 pertinentes,
1221 3402 1293 3468 quae
1308 3377 1347 3446 ad
1362 3377 1502 3446 diversas

328 3506 470 3575 actiones
494 3528 585 3596 aeque
609 3502 861 3585 conveniebant,
885 3522 922 3570 ut
952 3525 1078 3591 preces,
1104 3501 1366 3592 objurgationes,
1389 3503 1501 3585 minae,

328 3649 383 3698 aut
401 3629 542 3713 invidiae,
566 3631 620 3696 irae
642 3627 829 3718 dolorisque
848 3627 1110 3694 exclamationes.
1133 3627 1185 3694 Sic
1209 3625 1366 3694 Molierus
1389 3645 1502 3726 noster

328 3758 361 3846 in
381 3758 590 3850 Mtoautptirtp
604 3752 824 3842 fragmentum
849 3775 866 3818 e
890 3751 934 3819 T.
962 3753 1103 3819 Lucretii
1127 3751 1265 3842 quadam
1292 3751 1502 3819 translatione

328 3879 474 3961 inseruit,
497 3880 552 3946 ubi
573 3879 613 3945 de
631 3879 811 3945 amantium
833 3877 974 3960 amentia
998 3877 1116 3962 agitur,
1138 3876 1194 3970 qui
1215 3874 1386 3943 dominam
1409 3898 1501 3942 suam

329 4003 482 4071 omnibus
501 4023 618 4071 ornant
638 4002 790 4071 illecebris
814 4003 906 4091 eique
927 4004 992 4088 ipsa
1012 4001 1088 4067 vitia
1108 3999 1192 4067 laudi
1212 3992 1335 4068 vertere
1357 3999 1463 4067 solent
1477 4012 1499 4068 ³.

328 4189 541 4198 ι--ι--ιι

365 4314 387 4352 1.
408 4297 509 4367 Luoghi
523 4298 600 4367 topici
614 4307 658 4350 aut
674 4296 779 4349 scenico
795 4311 939 4348 sermone:
956 4292 1090 4348 Pislolatli.

363 4421 389 4461 2.
409 4404 499 4474 Laqqi.

364 4529 387 4583 3.
407 4511 439 4564 In
452 4511 507 4563 suis
521 4505 554 4562 de
566 4509 620 4561 vita
635 4507 848 4562 Commentariis
861 4505 1019 4578 (Mamoiras,
1034 4517 1053 4561 t.
1069 4507 1091 4571 1,
1108 4523 1133 4576 p.
1150 4522 1160 4572 3
1166 4505 1211 4575 35)
1221 4503 1374 4560 Goldonius
1382 4505 1503 4560 summis

324 4600 400 4656 effert
417 4597 540 4652 laudibus
564 4595 769 4651 celeberrimum
794 4613 809 4643 «
827 4595 992 4649 Arlecchino
1013 4613 1039 4660 a,
1062 4595 1105 4647 cui
1129 4609 1232 4651 nomen
1254 4594 1379 4648 Antonio
1404 4593 1500 4666 Sacclti

325 4699 391 4754 erat,
413 4698 438 4739 et
457 4687 513 4756 qui,
529 4697 626 4739 octavo
649 4684 756 4738 decimo
779 4681 887 4750 saecu10,
913 4683 994 4736 variis
1016 4699 1047 4735 ac
1071 4680 1252 4752 locupletibus
1276 4679 1344 4734 locis
1358 4680 1499 4734 eminuit:

327 4797 341 4828 a
358 4777 446 4840 Quos,
462 4775 498 4828 ait
513 4786 613 4840 noster,
629 4790 685 4827 non
700 4789 714 4827 e
730 4772 852 4844 populati
871 4788 996 4826 sermone
1015 4771 1169 4842 usurpabat,
1192 4770 1314 4824 comicos
1334 4785 1399 4838 veto
1418 4771 1502 4837 scrip-
