3588 5680
350 645 410 713 128
519 663 563 710 DE
588 662 769 710 Gonnouro
795 660 938 710 tranen
962 661 1083 710 SCAENAE
1107 660 1345 710 CORRECTORE.

345 823 417 874 actu
436 801 636 872 callidissime
650 802 729 892 agit,
746 803 869 892 optime
887 803 1053 892 inceptum
1072 803 1251 893 corrumpit
1261 827 1270 885 ;
1288 801 1396 898 subito
1413 802 1514 884 enim,

345 931 568 1021 imparatoque
592 946 784 1019 spectatore,
814 927 974 1004 rationem
998 944 1103 996 mutat
1132 944 1165 994 et
1188 945 1276 996 totus
1299 927 1513 1011 convertitur,

347 1054 435 1147 quod
460 1054 527 1123 veri
549 1052 655 1122 multo
675 1051 806 1142 longius
828 1051 981 1121 dissimile
1003 1069 1052 1120 est
1069 1075 1167 1143 quam
1186 1052 1212 1120 si
1226 1051 1384 1122 nonnulla
1405 1077 1443 1122 ex
1458 1052 1509 1120 his

345 1181 534 1248 mutavisset
549 1177 734 1248 Goldonius
753 1201 825 1270 quae
839 1177 879 1246 de
894 1176 1034 1248 Moliero
1049 1196 1230 1248 narrantur.

390 1419 427 1487 ln
444 1417 701 1509 Μεηιίαεὶὶοᾳιιοι
719 1440 794 1486 cum
810 1415 968 1487 Cornelio
983 1415 1078 1485 simul
1089 1435 1186 1510 atque
1197 1417 1345 1508 Hispano
1355 1419 1514 1489 Alatcone

343 1544 430 1613 idem
446 1565 638 1631 congressus
654 1559 715 1626 est,
731 1560 763 1611 et
775 1542 844 1631 ipse
857 1540 1022 1610 Voltarius
1039 1541 1187 1610 notavit²
1202 1541 1317 1634 quibus
1331 1543 1442 1631 gallica
1456 1546 1515 1613 ita-

344 1669 466 1761 licaque
486 1667 591 1737 fabula
612 1669 697 1737 inter
718 1690 751 1736 se
772 1667 891 1736 similes
916 1668 982 1736 sint
1000 1685 1097 1757 atque
1121 1667 1217 1737 etiam
1240 1665 1415 1738 differant:
1441 1696 1458 1734 r
1475 1669 1513 1737 ln

343 1793 540 1883 goldoniana
555 1791 716 1862 comoedia
728 1791 802 1861 duae
816 1815 866 1860 res
881 1793 1105 1876 inveniuntur,
1123 1793 1180 1876 ait,
1196 1791 1419 1882 lepidissima:
1439 1817 1514 1863 cum

343 1921 487 2013 primum
504 1918 744 2009 Mendaciloqui
758 1917 896 1987 aemulus
911 1918 1043 2010 quidam
1059 1917 1298 2008 simplicissimo
1313 1920 1423 1988 animo
1439 1941 1514 1987 om-

343 2049 408 2130 nia,
424 2070 495 2138 quae
511 2069 529 2114 a
543 2046 650 2137 priore
664 2043 738 2114 licta
752 2065 841 2129 sunt,
856 2045 973 2135 repetit
988 2062 1020 2113 et
1034 2045 1102 2134 ipse
1116 2041 1159 2111 ob
1174 2043 1257 2114 hanc
1274 2067 1402 2120 causam
1418 2067 1513 2112 men·

342 2173 402 2242 dax
418 2171 594 2256 invenitur,
610 2194 646 2240 ac
662 2193 738 2239 cum
753 2167 829 2238 inde
842 2192 966 2254 servus,
978 2192 1071 2238 erum
1081 2169 1278 2253 imitaturus,
1290 2170 1326 2237 in
1340 2192 1513 2238 commen·

346 2298 426 2367 ticiis
439 2295 553 2365 fabulis
568 2320 601 2364 se
616 2297 724 2385 ipsum
742 2295 897 2384 implicat,
917 2317 977 2363 nec
995 2295 1240 2364 mendaciorum
1261 2295 1512 2363 inextricabilem

345 2421 469 2492 nodum
484 2419 609 2489 solvere
622 2418 718 2489 valet.
732 2419 839 2488 Multo
853 2439 963 2487 autem
979 2420 1086 2488 minus
1100 2442 1256 2510 generosa
1267 2437 1315 2488 est
1324 2418 1512 2509 goldoniani

345 2545 585 2637 Mendaciloqui
610 2544 735 2614 indoles
754 2568 852 2636 quam
876 2545 1069 2629 corneliani,
1091 2563 1123 2612 et
1146 2543 1251 2614 fabula
1274 2542 1386 2634 gallica
1409 2546 1513 2636 aptius

343 2672 531 2764 explicatur,
550 2671 688 2740 vividius
712 2671 829 2761 scripta
850 2689 910 2754 est,
930 2670 1183 2761 attentioresque
1202 2686 1424 2760 spectatorum
1444 2669 1510 2737 ani·

344 2823 415 2867 mos
428 2817 527 2868 tenet.
539 2799 697 2866 Praeterea
707 2795 810 2864 italica
819 2794 981 2864 comoedia
995 2794 1104 2864 soluto
1120 2817 1272 2863 sermone
1287 2796 1409 2864 utitur:
1428 2795 1509 2864 Cor-

342 2924 446 2993 nelius
465 2941 588 3007 autem,
609 2920 800 3005 Menander,
821 2921 1059 3011 Terentiusque
1079 2920 1222 2988 versibus
1242 2920 1292 2988 usi
1313 2937 1402 3004 sunt,
1424 2919 1510 3010 quod

342 3048 473 3138 quidem
494 3046 555 3115 illis
581 3068 640 3137 pro
664 3045 782 3113 merito
803 3044 1026 3129 tribuendum,
1047 3068 1123 3113 nam
1145 3045 1348 3135 impotentiae
1367 3063 1507 3128 tantum,

341 3192 397 3242 aut
413 3173 521 3241 nimiae
542 3171 755 3262 properantiae
774 3192 879 3252 causa,
895 3171 1089 3239 recentiores
1103 3168 1210 3238 soluta
1225 3169 1375 3238 oratione
1388 3191 1510 3238 comoe·

342 3298 408 3366 dias
422 3299 630 3387 scripserunt,
653 3317 789 3386 quaeres
810 3295 898 3384 prius
918 3294 1047 3363 insolita
1060 3295 1094 3362 in
1110 3293 1382 3363 consuetudinem
1400 3313 1511 3384 postea

342 3425 483 3494 cessit.»
509 3420 748 3491 Animadvertit
772 3439 881 3489 tamen
906 3419 1070 3489 Voltarius
1092 3420 1239 3489 moribus
1259 3419 1387 3488 utiliore
1409 3419 1510 3488 modo

340 3547 573 3640 goldonianam
589 3546 721 3616 enodari
735 3544 877 3614 fabulam
900 3567 998 3636 quam
1020 3544 1260 3614 cornelianam:
1281 3545 1365 3636 apud
1386 3544 1510 3614 Goldo-

341 3673 433 3741 nium
448 3667 670 3762 enirn-puniri,
686 3689 722 3739 ut
738 3668 861 3753 deceat,
878 3668 1182 3762 Mendaciloquum‚
1199 3671 1254 3761 qui
1268 3668 1437 3761 improbus
1454 3666 1507 3755 sit,

341 3797 419 3865 odio
434 3820 469 3864 ac
484 3812 674 3886 contemptu
690 3795 819 3884 dignus,
836 3818 910 3864 cum
931 3795 1043 3864 eadem
1065 3817 1204 3886 persona
1219 3795 1301 3885 apud
1319 3794 1510 3865 Cornelium

341 3920 601 4014 Alarconemque
623 3920 703 3990 nihil
720 3918 806 3989 aliud
824 3922 865 3988 sit
886 3921 946 3988 nisi
965 3921 1090 4008 juvenis
1109 3921 1257 3991 incautus
1277 3939 1373 4011 atque
1391 3921 1510 3990 incon*

340 4047 454 4117 sultus.

386 4173 479 4240 Bona
504 4171 643 4240 Voltarii
671 4171 778 4256 venia,
805 4170 940 4238 dixerim
966 4194 984 4238 e
1006 4169 1122 4240 talibus
1150 4170 1256 4241 verbis
1278 4188 1422 4258 aetatem,
1448 4184 1510 4261 qua'

341 4299 458 4388 scrlpta
473 4293 551 4380 sint,
566 4298 707 4387 graviter
721 4295 877 4380 redolere,
892 4319 968 4364 cum
983 4320 1022 4366 eo
1038 4315 1184 4387 tempore
1199 4296 1294 4366 dictis
1314 4315 1412 4388 quarn
1432 4297 1509 4365 actis

341 4420 486 4513 plerique
511 4421 606 4492 bonis
629 4421 774 4492 moribus
798 4422 901 4511 magis
921 4418 1077 4492 faverent.
1103 4421 1216 4513 Itaque
1236 4444 1304 4491 non
1324 4420 1508 4491 mirandum

341 4605 548 4621 *Ἣ

377 4744 399 4783 1.
421 4725 447 4780 Il
461 4727 594 4799 bugiurdo,
610 4725 747 4782 comoedia
761 4726 845 4780 tribus
859 4725 962 4781 actibus
976 4737 1001 4780 et
1016 4723 1103 4780 soluta
1119 4725 1241 4782 oratione
1255 4729 1353 4800 scripta
1366 4729 1470 4800 (1748).

375 4841 399 4882 2.
421 4824 608 4880 Commentario
621 4841 665 4879 sur
680 4823 815 4882 Corneille.
833 4823 883 4879 Ed.
902 4823 1034 4890 Beuchot‚
1051 4835 1070 4882 t.
1089 4823 1203 4891 XXXV,
1219 4843 1245 4896 p.
1261 4828 1392 4899 448·449³
