3600 5682
547 642 846 690 GOLDONIANARUM
873 644 1075 692 FABULARUM
1100 642 1239 690 DlvlstO.
1436 627 1474 707 63

313 801 497 871 negaverat,
521 804 672 870 cumque,
696 782 854 849 sententia
877 800 1011 865 mutata,
1036 781 1095 850 sibi
1116 800 1245 870 gratum
1267 779 1336 848 lore
1358 802 1476 847 munus

312 924 404 974 antea
418 906 622 996 repudiatum
641 904 694 974 illa
716 905 865 989 declarat,
883 907 1068 996 desperatus
1088 927 1198 976 noster
1217 929 1362 975 sororem
1383 923 1477 994 rogat

313 1047 362 1116 ut,
378 1055 474 1122 quem
491 1034 559 1123 ipsa
572 1030 680 1115 habet,
692 1031 823 1102 anulum
840 1032 899 1100 sibi
916 1031 982 1115 det,
993 1057 1029 1102 ac
1043 1031 1139 1124 paulo
1154 1051 1241 1122 post,
1260 1056 1333 1100 cum
1351 1032 1477 1100 donum

312 1180 329 1225 a
351 1179 467 1248 sponsa
491 1159 609 1225 iterum
634 1157 796 1241 abnuitur,
818 1180 886 1225 rem
908 1180 991 1245 aegre
1009 1157 1125 1241 ferens,
1146 1158 1280 1227 anulum
1301 1155 1477 1230 datancil-

312 1281 394 1349 lulae.
422 1282 556 1351 Reditus
585 1301 692 1351 tamen
723 1284 850 1373 pignori
875 1303 952 1352 sunt
978 1281 1108 1372 obligati
1136 1284 1300 1372 nescitque
1325 1282 1477 1372 prodigus

312 1408 480 1497 quomodo
503 1430 657 1475 nummos
677 1409 837 1498 requirere
858 1409 972 1497 possit,
989 1406 1104 1497 quibus
1118 1406 1198 1475 festa
1213 1409 1359 1475 convivia
1384 1407 1477 1476 thea-

312 1552 423 1623 traque
445 1555 573 1622 sponsae
593 1535 749 1622 promissa
771 1535 804 1600 in
827 1532 899 1600 villa
920 1532 1003 1621 apud
1027 1533 1179 1600 Brentam
1207 1551 1317 1621 paret;
1343 1533 1478 1599 nimiam

312 1657 395 1725 illius
419 1659 554 1748 quisque
576 1657 657 1725 ridet
679 1656 875 1740 facilitatem,
899 1679 957 1725 nec
981 1676 1090 1724 tamen
1115 1680 1151 1724 ea
1174 1656 1327 1726 abutendi
1351 1657 1478 1725 occasio

313 1783 375 1851 ulla
395 1783 568 1852 omittitur.
587 1783 740 1852 Hominis
761 1782 891 1852 tandem
913 1804 1007 1850 soror
1026 1783 1182 1870 virginem
1205 1783 1420 1866 haesitantem,
1442 1801 1478 1849 ut

313 1908 341 1975 ei
363 1908 476 1990 nubat,
501 1907 624 1976 inducit
650 1932 686 1976 ea
716 1906 903 1977 conditione
931 1927 967 1976 ut
998 1908 1056 1974 viri
1086 1931 1154 1976 rem
1181 1911 1249 1998 ipsa
1277 1907 1477 1976 administret

314 2056 453 2123 eumque
470 2034 598 2124 propria
611 2034 724 2124 injuria
740 2031 900 2102 defendat.

524 2385 542 2476 §
556 2406 588 2454 2.
604 2424 648 2438 -
662 2383 712 2452 De
719 2384 842 2475 fabulis
855 2407 924 2475 quae
937 2386 979 2454 ad
992 2409 1088 2456 mores
1100 2388 1262 2474 pertinent.

357 2641 502 2710 Medium
518 2659 605 2709 tenet
620 2641 687 2709 haec
701 2639 805 2709 fabula
818 2641 928 2710 locum
946 2643 1031 2710 inter
1044 2641 1234 2727 comoedias,
1250 2664 1321 2731 quae
1335 2640 1472 2724 indoles,

313 2785 428 2856 ecquae
442 2788 549 2833 mores
563 2784 747 2835 retractant.
768 2765 930 2836 Prioribus
954 2767 1101 2857 proxima
1116 2785 1164 2833 est
1185 2764 1273 2855 quod
1291 2764 1476 2856 exemplum

311 2891 471 2980 generale,
487 2890 719 2981 posterioribus
739 2908 860 2974 autem,
877 2892 952 2981 quia
966 2892 1082 2960 vitium
1102 2889 1225 2980 effingit
1245 2892 1330 2958 aetati
1349 2914 1384 2958 ac
1404 2891 1477 2960 loco

312 3014 438 3083 cuidam
458 3017 637 3105 proprium.
660 3017 819 3084 Putarnnt
839 3034 871 3084 et
893 3016 1043 3084 nonnulli
1063 3015 1194 3106 quidem
1214 3016 1321 3084 virum
1347 3015 1477 3084 Goldo-

312 3141 401 3207 nium
416 3138 611 3230 depinxisse,
625 3142 679 3230 qui
693 3142 752 3230 ipsi
769 3139 894 3208 favisset
903 3166 912 3224 ;
931 3163 990 3209 nec
1005 3163 1073 3209 rem
1089 3141 1141 3210 hic
1156 3140 1293 3209 moleste
1307 3139 1393 3209 tulit.
1411 3191 1413 3200 ‚

355 3263 472 3333 Melius
487 3267 583 3333 etiam
598 3268 631 3333 in
647 3265 870 3354 Thermopolio¹
883 3266 1088 3335 Venetorum
1104 3288 1212 3333 mores
1227 3265 1336 3333 medio
1352 3264 1477 3334 decimo

311 3408 426 3458 octavo
441 3390 780 3459 saeculoillustrantur.
799 3391 895 3459 Actio
917 3392 950 3459 in
972 3391 1124 3482 compitis
1146 3390 1477 3481 quibusdamagitur,

310 3539 381 3605 quae
401 3539 488 3584 nunc
510 3542 526 3580 α
543 3514 710 3606 campiello
728 3543 743 3580 u
761 3534 890 3598 vocant,
908 3535 940 3582 et
961 3541 1031 3607 quae
1053 3513 1314 3606 frequentissime
1337 3516 1370 3581 in
1391 3535 1477 3583 arta-

310 3663 382 3707 rum
403 3642 529 3710 viarum
551 3640 686 3710 flexibus
709 3642 863 3710 invenias.
892 3641 940 3708 Ibi
966 3640 1239 3729 tlrermopolium,
1265 3639 1475 3720 aleatorium,

309 3767 452 3833 tonsoris
475 3765 638 3834 officinam
661 3784 768 3857 atque,
794 3764 880 3836 haud
905 3766 1029 3855 procul,
1054 3764 1221 3834 saltatricis
1243 3765 1381 3832 domum
1405 3787 1476 3831 cer-

310 3913 384 3958 nere
401 3909 462 3976 est,
478 3914 544 3981 quo
557 3898 756 3959 conveniunt
776 3893 886 3976 otiosi,
907 3889 1109 3974 amatorculi‚
1128 3910 1334 3958 aeruscatores
1355 3909 1385 3956 et
1407 3891 1476 3980 qui-

198 4075 205 4084 .
309 4037 448 4106 cumque
461 4013 643 4083 istiusmodi
659 4017 767 4084 Sancti
783 4016 884 4083 Marci
904 4018 1048 4105 porticus
1067 4014 1324 4105 frequentabant.
1343 4014 1475 4082 Coeunt

310 4162 435 4223 omnes,
460 4140 591 4222 abeunt,
615 4140 654 4207 de
677 4141 814 4227 negotiis
837 4140 1029 4232 loquuntur,
1048 4158 1102 4206 aut
1125 4138 1164 4207 ad
1183 4138 1366 4229 voluptates
1391 4137 1476 4206 festi·

310 4283 388 4332 nant
409 4287 538 4332 summo
558 4269 695 4355 impetu,
716 4263 891 4347 alacritate,
912 4264 1025 4334 ardore
1051 4265 1105 4353 qui
1130 4281 1327 4353 spectantem
1349 4263 1474 4351 rapiunt

308 4389 431 4457 levibus
450 4409 644 4479 occupatum
670 4388 882 4479 imaginibus:
907 4387 1046 4457 tabulam
1070 4389 1175 4456 videre
1196 4387 1305 4456 credas
1327 4411 1344 4454 a
1366 4386 1476 4454 Cana-

308 4515 389 4584 letto
409 4513 579 4605 depictam,
597 4519 686 4605 cujus
706 4537 853 4604 personae
870 4533 944 4604 post
965 4513 1118 4582 saeculum
1134 4515 1275 4604 elapsum
1295 4535 1473 4581 resurrexe-

306 4695 517 4706 -—-—-—-.

275 4811 281 4822 ⁴
345 4803 368 4844 t.
385 4786 423 4841 La
438 4787 534 4859 bottega
547 4785 586 4840 del
607 4787 674 4858 ruffi.
