3600 5682
503 670 548 715 DE
572 669 711 715 ITALICO
736 667 897 716 THEATRO
921 629 1011 714 ariTE
1038 665 1262 712 GOLDONIUM.
1427 664 1462 709 11

292 807 428 874 veniunt
450 832 522 897 quae
541 807 694 876 delicatos
714 809 840 897 possint
860 806 1008 875 allicere:
1029 825 1135 872 vestes
1156 801 1346 890 magnificae,
1363 823 1467 870 scaena

291 933 428 998 summis
442 930 647 1021 apictoribus
662 927 834 1015 instructa,
846 931 1088 1020 dulcissimique
1101 948 1227 1009 cantus,
1241 929 1297 1017 qui
1308 930 1372 1016 jam
1382 948 1466 992 uun·

294 1055 372 1122 tiare
391 1053 542 1123 videntur
560 1055 649 1146 quod
671 1057 824 1145 posteri«
842 1057 939 1145 opera
956 1079 972 1120 n
990 1055 1213 1121 nominavere.
1236 1051 1328 1119 Plebs
1356 1069 1465 1118 autem
1485 1092 1487 1097 -

293 1177 392 1261 abest,
410 1202 468 1247 nec
483 1179 592 1248 locum
609 1180 734 1248 obtinet
749 1182 782 1248 in
804 1181 852 1248 his
872 1180 1005 1246 eruditis
1017 1177 1201 1260 comoediis,
1217 1176 1333 1266 quibus
1347 1174 1466 1243 intelli·

294 1302 407 1391 gendis
423 1303 534 1372 rudior
549 1305 734 1372 etiamtum
751 1324 829 1373 erat.
875 1331 877 1334 ·

303 1485 306 1489 .
338 1427 459 1495 Altero.
475 1447 589 1495 contra
607 1428 780 1517 spectaculi
800 1451 930 1516 genere,
955 1450 1085 1494 summa
1102 1424 1140 1493 ab
1159 1425 1365 1514 antiquitate,
1382 1445 1467 1488 nun·

294 1573 401 1640 quam:
415 1550 567 1618 oblectari
592 1551 680 1640 plebs
702 1551 872 1618 desiverat.
899 1549 1083 1617 Atellanas¹
1109 1549 1352 1636 mimorumque
1374 1547 1465 1634 jocos

293 1675 391 1740 etiam
410 1675 558 1763 reperias,
576 1695 751 1765 antequam
772 1677 887 1743 Romae
906 1674 1040 1742 historia
1060 1674 1178 1740 certior
1201 1671 1268 1739 fiat.
1288 1670 1466 1759 Campania

293 1817 390 1886 atque
404 1799 531 1866 Etruria
545 1818 638 1880 ortae,
651 1800 700 1866 hae
715 1798 827 1867 fabulae
836 1803 854 1866 a
864 1801 1009 1888 personis
1025 1798 1215 1887 agebantur,
1228 1820 1300 1886 quae
1311 1817 1414 1883 usque
1427 1792 1466 1861 ad

294 1921 325 1989 id
347 1926 504 2012 temporis
524 1941 784 2012 permanserunt.
803 1923 906 1991 Facile
928 1925 963 1990 in
978 1922 1170 2013 quibusdam
1191 1923 1319 2008 Magnae
1335 1921 1468 1988 Graeciae

294 2047 375 2113 vasis
400 2045 497 2113 hodie
510 2050 689 2134 agnoveris
711 2071 809 2137 quem
837 2074 854 2111 a
868 2047 1062 2115 Arlecchino
1079 2074 1094 2110 n
1107 2059 1119 2087 ²
1134 2065 1266 2126 vocant,
1287 2063 1356 2111 arta
1379 2059 1468 2109 veste

296 2171 387 2237 variis
396 2169 557 2238 coloribus
571 2170 734 2249 distincta,
750 2190 804 2239 aut
819 2174 1033 2254 ventriosum,
1052 2170 1183 2237 obunco
1199 2191 1292 2250 naso,
1306 2165 1463 2234 Pulcinel·

293 2294 372 2376 lam,
396 2296 447 2362 cui
461 2296 545 2385 apud
566 2295 674 2363 Oscos
688 2297 819 2364 Maccus
839 2317 960 2362 nomen
977 2314 1056 2376 erat,
1079 2314 1115 2361 ut
1130 2291 1280 2360 nonnulli
1294 2290 1430 2359 credunt
1441 2303 1462 2358 ³.

295 2418 383 2485 Cum
399 2421 431 2485 in
453 2443 513 2486 suo
532 2419 674 2487 Oratore
691 2421 738 2488 M.
757 2419 886 2486 Tullius
905 2418 1059 2504 elegantis
1073 2418 1199 2506 jocandi
1215 2418 1341 2504 generis
1356 2437 1467 2482 exem·

295 2544 383 2632 plum
398 2543 511 2610 afferre
534 2545 641 2632 cupit,
662 2542 827 2611 vitandam
851 2544 1026 2611 Sannionis
1046 2542 1272 2609 scurrilitatem
1289 2547 1414 2623 monet,
1432 2542 1465 2606 in

332 2823 355 2906 i.
375 2852 496 2907 Vide·de
510 2853 643 2908 Atellanis
660 2847 774 2908 fabulis:
796 2855 848 2908 Des
863 2845 997 2916 Atellanas,
1014 2855 1088 2908 Essai
1107 2869 1151 2907 sur
1165 2852 1191 2906 le
1205 2853 1309 2906 theitre
1323 2843 1398 2918 latin,
1416 2867 1464 2923 par

294 2941 416 2995 Maurice
431 2941 534 3014 Meyer.
551 2943 673 3007 Lutetiae,
694 2945 769 3010 1842.

329 3081 354 3120 2.
376 3065 493 3118 Multum
509 3066 541 3120 de
556 3065 635 3137 hujus
651 3069 724 3121 vocis
739 3068 904 3139 etymologia
918 3068 1061 3120 dissertum
1081 3079 1130 3132 est,
1148 3075 1230 3136 quani
1250 3063 1386 3130 nonnulli,
1402 3064 1466 3117 satis

293 3164 404 3226 temere,
420 3155 563 3223 existimati
578 3167 638 3208 sunt
652 3173 667 3207 a
681 3156 781 3225 gallico
796 3158 908 3227 praeside
929 3176 943 3206 t<
963 3156 1065 3226 Harlay
1085 3177 1098 3206 a
1121 3157 1226 3226 quinto,
1242 3156 1288 3226 qui
1310 3175 1324 3204 (ι
1346 3153 1429 3208 Zanni
1450 3171 1465 3203 a

293 3240 439 3312 quemdam
459 3243 541 3295 tuitus
562 3242 651 3309 luerit,
675 3245 810 3313 originem
831 3244 939 3310 habere,
961 3243 1005 3297 alii
1026 3242 1158 3298 aCarolo
1175 3244 1291 3307 Quinto,
1311 3242 1466 3296 Germaniae

293 3329 465 3399 imperatore,
481 3341 526 3382 aut
541 3348 556 3382 a
571 3333 676 3385 verbis:
694 3331 795 3384 Arlotio
810 3349 822 3383 ι
835 3333 948 3386 coccht'no
963 3364 996 3372 —
1011 3333 1052 3385 ari
1067 3315 1204 3384 ecocchino
1218 3361 1253 3371 -
1266 3331 1308 3384 ari
1321 3331 1428 3383 echino.

301 3474 304 3480 ,
328 3415 426 3470 Melius
439 3418 549 3488 quidem
564 3420 694 3489 judicasse
709 3421 788 3474 nobis
807 3422 912 3475 videtur
930 3422 960 3477 F.
977 3422 1043 3474 Diez
1058 3419 1278 3491 (Etymologisches
1296 3417 1466 3471 Woerierbuch

293 3501 337 3584 der
357 3507 529 3560 romanischen
551 3507 697 3578 Sprachen),
723 3526 785 3561 cum
805 3511 1020 3581 antiquissimam
1043 3508 1123 3580 hujus
1145 3509 1219 3560 vocis
1244 3508 1360 3562 formam
1385 3523 1467 3578 appa·

295 3595 378 3648 ruisse
391 3608 467 3666 putat
481 3596 509 3648 in
524 3609 615 3650 vetere
629 3596 729 3668 gallico
743 3599 881 3650 carmine:

631 3739 698 3792 Asa
712 3738 776 3792 siele
791 3751 816 3792 et
831 3741 846 3792 i
861 3751 902 3793 ses
917 3739 1031 3792 Lorains

632 3818 674 3872 Oc
689 3819 746 3871 cinc
761 3819 822 3872 cent
837 3818 953 3872 ololretes
968 3837 1001 3872 au
1018 3820 1115 3882 mains,

632 3898 667 3950 Ki
681 3898 855 3952 demeuoient
869 3897 905 3952 tel
919 3900 1001 3950 tintin

633 3978 695 4031 Con
708 3976 726 4031 li
741 3979 854 4031 maisnie
868 3978 1011 4045 hierlekin,

1042 4077 1110 4130 Ren.
1128 4077 1176 4140 iv,
1191 4072 1251 4139 146.
1282 4101 1284 4106 ·

300 4259 303 4266 -
329 4211 370 4277 Ex
390 4223 442 4277 hoc
461 4226 544 4280 verbo
567 4228 682 4280 venisset
704 4226 802 4297 gallica
829 4231 882 4280 vdx
902 4247 916 4276 (ι
931 4225 1053 4297 arlequin
1069 4247 1095 4290 n,
1119 4227 1259 4298 hispanica
1281 4246 1295 4276 c<
1312 4225 1434 4296 arlequin
1449 4245 1463 4274 n

294 4325 340 4369 aut
355 4333 368 4363 a
385 4317 515 4386 arnequin
530 4336 556 4381 a,
572 4315 659 4369 italica
677 4336 691 4365 κ
706 4314 860 4370 arlecchino
879 4337 905 4372 »,
1378 4331 1379 4336 ¹

332 4455 354 4508 3.
375 4438 523 4492 Pulcinella
539 4461 552 4490 n
566 4441 672 4511 origine
682 4439 869 4512 neapolitanus
877 4457 934 4494 esse
944 4439 1050 4494 videtur
1061 4453 1096 4505 er,
1109 4441 1130 4493 si
1141 4457 1197 4493 non
1210 4441 1335 4511 antiquus
1346 4440 1464 4504 Maccus,¹

295 4526 330 4580 ob
356 4543 451 4580 nasum
474 4530 613 4582 obuncum
632 4529 720 4583 Pullus
739 4530 893 4601 gallinaceus
913 4541 1023 4583 vocatus
1046 4529 1135 4600 (unde
1157 4528 1317 4592 Pulicenus,
1339 4528 1465 4593 Pulcino,

294 4613 461 4680 Pulicinella,
477 4617 646 4687 Pulcinella),
662 4619 757 4672 saltem
771 4621 799 4672 in
814 4619 964 4688 Campania
980 4631 1058 4672 natus
1072 4629 1098 4672 et
1114 4618 1192 4680 forte,
1210 4634 1280 4688 pago
1302 4618 1404 4672 Acerra
1425 4634 1468 4671 or-

296 4715 348 4772 tus,
364 4704 454 4758 Paccio
468 4705 569 4760 Attidio
584 4707 741 4778 appellatus,
753 4721 798 4763 aut
812 4709 845 4762 ab
856 4719 945 4761 actore
954 4708 1085 4779 quodam,
1097 4709 1140 4761 cui
1153 4707 1228 4760 Paulo
1240 4706 1342 4761 Cinella
1352 4723 1465 4770 nomem

295 4793 332 4846 sic
347 4795 512 4867 designatust
