3588 5680
322 651 382 736 138
491 667 536 714 DE
560 665 742 712 GOLDONIO
767 663 909 712 I'PALICAE
934 664 1053 711 SCAENAE
1078 662 1316 710 CORRECTORE.

318 810 383 897 jam
403 805 552 896 appellari
571 803 730 872 Baretrius
748 820 873 893 potest,
892 819 1007 892 utpote
1026 803 1077 870 cui
1097 801 1196 868 animi
1220 799 1362 889 impetus
1388 817 1483 888 atque

320 921 507 998 inexhausta
519 926 717 1016 imaginandi
729 927 776 994 vis
790 927 915 995 ratione
928 946 959 995 et
974 925 1092 1016 judicio
1107 925 1209 1011 magis
1223 923 1381 1012 placeant.

366 1052 429 1122 Sed
453 1075 521 1120 non
547 1052 660 1120 firmus
683 1050 867 1140 stabilisque
887 1052 921 1118 in
943 1049 1034 1118 Italia
1058 1071 1221 1116 successus
1244 1047 1406 1137 gozzianis
1427 1044 1486 1114 fuir

319 1175 446 1262 fabulis,
469 1176 657 1266 Hispaniam
671 1177 780 1265 potius
796 1197 894 1265 quam
907 1174 1060 1242 Venetias
1079 1171 1312 1241 redolentibus.
1331 1170 1487 1238 Errabant

321 1303 409 1368 enim
422 1301 478 1390 qui
492 1298 555 1367 hoc
575 1322 699 1368 novum
713 1321 816 1387 genus
832 1298 988 1388 putabant
1006 1323 1022 1362 <r
1045 1266 1154 1365 ltaliae‘
1164 1317 1237 1364 vere
1260 1294 1435 1364 convenire
1450 1318 1485 1376 ο,

321 1447 392 1514 quae
406 1425 432 1491 si
446 1422 627 1491 scurrilium
641 1426 790 1511 jocorum
809 1423 909 1511 patria
930 1439 990 1504 est,
1007 1443 1077 1490 non
1095 1420 1236 1490 omnino
1252 1420 1432 1499 rationem,
1454 1435 1488 1485 et

321 1569 397 1615 cum
423 1548 555 1615 insaniae
584 1545 741 1637 indulget,
766 1546 904 1628 omittit,
930 1568 993 1614 nec
1018 1545 1131 1614 nolum
1159 1543 1306 1634 linquere
1336 1540 1418 1610 solet
1451 1559 1489 1609 ut

324 1697 342 1736 a
354 1671 456 1741 nubes
468 1689 501 1739 et
516 1671 623 1740 inania
634 1687 741 1760 captet
754 1697 791 1740 a.
803 1669 921 1760 itaque
936 1667 1134 1750 Goldonius‚
1151 1668 1206 1757 qui
1221 1666 1395 1736 humiliore
1404 1663 1488 1734 forte

317 1817 416 1866 semu
432 1793 588 1884 sapiebat,
603 1793 719 1863 melius
740 1794 934 1863 Latinorum
955 1792 1113 1860 sentiendi
1134 1791 1235 1859 modo
1256 1807 1353 1881 atque
1370 1790 1488 1858 rationi

322 1917 519 2006 congruebat
543 1940 641 2008 quarn
669 1917 821 2002 Gozzius,
845 1916 896 1984 vel
922 1939 999 1984 curn
1026 1915 1219 2004 lepidissime
1247 1913 1299 1982 hic
1327 1912 1485 1981 deliraret.

324 2042 434 2124 Quare
446 2040 614 2110 meliorem
628 2043 789 2130 posterior
801 2041 1024 2109 inGermania
1037 2038 1203 2107 fortunam
1219 2038 1488 2107 constantiorem·

323 2187 386 2254 que
401 2187 498 2254 quam
511 2165 544 2231 in
562 2165 690 2253 propria
710 2165 809 2253 patria
827 2165 961 2232 invenit.
981 2162 1069 2231 Illius
1092 2163 1180 2229 enim
1200 2159 1321 2229 fabulas
1342 2159 1490 2229 admirati

323 2306 399 2356 sunt
415 2287 581 2369 Goethius,
600 2286 772 2354 Schillerus
784 2300 807 2369 ¹,
831 2287 984 2371 Lenzius,
1003 2286 1170 2367 Tieckius,
1186 2286 1276 2374 quasi
1291 2306 1386 2352 novae
1403 2309 1420 2347 ε(
1438 2306 1490 2351 ro·

323 2413 471 2478 manticae
488 2435 504 2473 n
520 2410 690 2478 comoediae
710 2410 865 2478 imitanda
886 2410 1089 2497 exemplaria,
1112 2408 1255 2499 dumque
1273 2407 1334 2476 illae
1353 2409 1386 2475 in
1410 2407 1491 2474 Ger-

323 2536 430 2602 mania
441 2527 610 2623 gentiliciae
629 2557 730 2624 prope
749 2533 951 2617 videbantur,
977 2535 1042 2601 cito
1066 2533 1212 2600 Veneriis
1235 2534 1270 2600 in
1291 2532 1492 2600 oblivionem

324 2662 381 2729 ivit
394 2662 449 2751 qui
465 2661 604 2750 aliquam
617 2659 728 2750 gloriae
743 2660 891 2728 umbram
905 2659 1028 2728 ultimis
1043 2681 1153 2726 earum
1168 2657 1279 2726 diebus
1293 2657 1435 2726 dederat.

369 2881 567 2972 Quanquam
595 2882 763 2950 Goldonio
796 2885 934 2949 aemulus
959 2879 1074 2966 fuerat,
1104 2879 1178 2947 huic
1208 2898 1316 2947 tamen
1346 2879 1486 2948 Gozzius

323 3005 499 3094 aequiorem
514 3026 612 3093 quarn
627 3002 715 3071 aliis²
735 3005 769 3070 in
798 3002 1037 3072 Commentariis
1059 3001 1243 3071 inutilibus³
1265 3024 1299 3068 se
1319 3001 1490 3089 praestitit3

323 3126 366 3194 ibi
381 3128 468 3194 enim
480 3126 618 3214 legitur:
640 3151 656 3190 <r
674 3127 737 3193 Hic
750 3125 800 3192 vir
814 3127 894 3192 mihi
908 3149 1034 3215 semper
1049 3125 1174 3194 videtur
1189 3125 1316 3214 optimo
1337 3125 1492 3192 instinctu

324 3247 363 3318 ad
377 3272 515 3317 scaenam
530 3247 644 3334 natus;
664 3250 732 3317 sive
745 3266 855 3317 autem
870 3247 1016 3317 doctrina
1032 3247 1157 3317 carebat
1171 3267 1203 3316 et
1218 3246 1342 3316 bonum
1353 3247 1491 3315 malum-

325 3396 387 3463 que
400 3373 579 3441 discernere
593 3373 758 3463 nequibat,
775 3373 840 3440 sive
854 3371 939 3460 plebi
954 3374 1077 3461 placere
1093 3371 1280 3459 cogebatur,
1297 3355 1334 3439 ut
1356 3371 1494 3440 miseros

323 3496 493 3565 comoedos
507 3497 616 3580 aleret,
638 3520 698 3586 pro
711 3496 826 3587 quibus
846 3495 994 3564 mercede
1016 3495 1186 3578 scribebat,
1202 3496 1268 3563 sive
1289 3492 1424 3564 tandem
1441 3495 1491 3561 ni·

326 3621 390 3688 mia
408 3619 581 3704 celeritate,
598 3621 702 3687 victus
722 3642 829 3701 causa,
845 3620 1021 3708 quotannis
1041 3617 1194 3709 plurimas
1213 3616 1334 3685 fabulas
1357 3640 1492 3708 compo·

326 3742 434 3827 nebat,
448 3743 535 3810 vitiis
551 3764 685 3832 quaeque
701 3765 738 3809 ex
755 3741 838 3809 illius
852 3740 964 3808 italicis
980 3739 1151 3810 comoediis
1164 3739 1317 3808 abundat.
1337 3766 1353 3804 n

370 3864 444 3933 Tali
456 3866 576 3956 judicio
591 3865 736 3933 assentiri
751 3887 819 3932 non
834 3866 903 3953 ipse
923 3864 1148 3948 dubitaverim,
1170 3887 1246 3932 nam
1261 3865 1369 3954 paucis
1389 3863 1494 3933 verbis

325 3989 369 4055 ita
384 3989 608 4079 exprimuntur
622 4011 693 4078 quae
707 3987 851 4078 pluribus
865 4005 958 4056 antea
970 3988 1048 4056 dixi.
1062 3987 1320 4056 Desiderandum
1332 3985 1416 4055 forte
1428 3989 1493 4076 jam

326 4131 403 4180 natu
424 4113 631 4199 grandiorem
656 4111 861 4180 Goldonium
884 4111 1022 4205 Galliam
1041 4113 1203 4200 petivisse,
1229 4109 1283 4179 ubi
1304 4128 1431 4193 natura,
1459 4128 1494 4177 ur

326 4253 422 4318 esset,
438 4235 590 4325 praeditus
605 4236 670 4303 cito
685 4237 870 4322 agnovisset
886 4259 985 4325 quam
1000 4236 1102 4304 multa
1117 4234 1175 4326 sibi
1190 4235 1337 4304 deessent
1352 4253 1384 4304 et
1401 4237 1495 4302 omni

326 4381 401 4449 ope,
418 4359 544 4428 lacunas
559 4376 594 4427 ut
609 4357 762 4449 expleret,
779 4361 886 4426 enisus
906 4357 1003 4427 foret.
1025 4359 1064 4426 Iu
1085 4358 1175 4426 Italia
1191 4376 1301 4427 autem
1321 4358 1492 4427 deterrima

330 4508 540 4520 ------—-

365 4596 388 4638 1.
409 4579 532 4646 Schiller,
544 4591 573 4634 ut
582 4591 679 4635 notum
690 4591 739 4644 est,
752 4579 925 4634 Turandotam
939 4582 967 4634 in
976 4582 1165 4652 germanicum
1176 4598 1331 4638 sermonem
1349 4581 1492 4640 transtulit.

363 4692 388 4733 2.
408 4676 532 4747 Exempli
545 4677 631 4747 gratia
645 4675 798 4742 Gratarolo,
814 4693 895 4748 quern
909 4687 935 4730 et
948 4689 1086 4731 mortuum
1101 4679 1247 4746 asperrime
1261 4678 1407 4735 lacessivit.

366 4792 388 4845 3.
410 4773 533 4827 Memoria
543 4772 643 4830 inutili.
660 4773 724 4827 Pars
738 4774 758 4838 1,
776 4772 842 4842 Cap.
859 4773 986 4839 XXXIV,
1003 4791 1028 4844 p,
1047 4772 1173 4844 267-268.
