3600 5682
367 648 405 712 16
534 664 578 709 nn
604 661 786 708 GOLDONlO
812 661 954 708 lTALlCAE
978 659 1099 708 scAENAE
1122 659 1360 708 CORRECTORE.

404 801 491 870 Satis
506 800 618 869 multae
632 818 741 867 tamen
756 818 847 866 erant
862 799 1041 867 italicarum
1055 797 1235 868 fabularum
1256 795 1415 887 personae,
1430 817 1531 888 quan·

362 948 460 1017 quam
475 924 660 993 Goldonius
675 943 830 1013 quattuor
843 942 974 991 tantum
989 925 1022 991 in
1038 923 1312 992 Commentariis¹
1331 942 1500 992 enumerat
1523 949 1531 990 ε

362 1049 588 1130 Pantalonem,
620 1067 774 1116 venetum
804 1067 1033 1129 mercatorem,
1064 1048 1273 1142 Doctorem,¹
1290 1047 1530 1116 bononiensem
1579 1095 1585 1102 -

362 1175 598 1264 jurisperitum,
627 1172 806 1260 ambosque
840 1172 1053 1259 Bergomates
1079 1194 1208 1254 servos,
1236 1169 1476 1238 Arlecchinum
1500 1189 1532 1238 et
1581 1223 1585 1234 .

362 1296 569 1386 Brighellam.
588 1296 650 1365 Sed
666 1314 698 1363 et
712 1295 884 1364 nonnullas
899 1295 974 1363 alias
985 1296 1142 1384 reperias:
1163 1321 1179 1358 «
1191 1296 1354 1383 Spavento
1370 1319 1401 1378 u,
1412 1315 1531 1382 neapo-

360 1423 495 1490 litanum
517 1422 698 1510 gloriosum
722 1418 873 1503 militem,
897 1445 913 1482 (ι
937 1419 1162 1507 Giangurgulo
1183 1445 1199 1482 u
1224 1439 1255 1487 et
1284 1445 1300 1483 c<
1324 1417 1476 1486 Coviello
1498 1444 1531 1501 u,

360 1547 502 1616 calabros
519 1547 669 1630 rusticos,
686 1544 910 1625 Pulcinellam,
928 1543 1052 1634 Apuliae
1068 1543 1222 1627 mimum,
1243 1570 1260 1607 «
1281 1543 1476 1611 Gelsomino
1497 1571 1528 1626 u,

361 1689 535 1738 ventosum
554 1668 793 1737 adulescentem
812 1690 1001 1750 romanum,
1026 1695 1041 1732 u
1059 1669 1220 1736 Beltrame
1236 1695 1268 1750 u,
1289 1667 1446 1736 stolidum
1463 1691 1529 1735 me·

360 1794 595 1878 diolanensem,
621 1819 637 1856 (ι
656 1793 913 1861 Scaramucciau
942 1812 973 1860 et
1002 1819 1018 1856 n
1041 1791 1206 1880 Tartaglia
1227 1817 1259 1874 u,
1284 1791 1399 1860 ambos
1412 1812 1530 1880 neapo·

361 1917 497 1999 litanos,
529 1943 545 1980 u
567 1917 645 1984 Meo
675 1917 808 1984 Patacca
833 1946 865 2000 ι,
895 1915 1160 1984 transtiberinum
1189 1937 1377 1999 romanum,
1408 1942 1424 1978 c<
1455 1916 1531 1981 Pas·

360 2041 515 2131 quariello
546 2067 578 2124 u,
609 2041 809 2124 saltatorem,
837 2066 853 2104 a
878 2039 1028 2108 Sandron
1056 2067 1088 2124 u,
1114 2042 1334 2108 mutinensem
1357 2041 1529 2121 rusticum,

362 2192 378 2228 «
397 2163 558 2253 Gianduja
574 2189 589 2228 u
618 2183 675 2232 aut
700 2191 716 2228 «
732 2164 903 2232 Girolamo
921 2189 952 2248 u,
977 2165 1057 2232 Asta
1089 2182 1217 2245 ortum,
1243 2162 1479 2251 «Meneghino
1497 2160 1528 2242 u,

360 2286 648 2370 mediolanensem,
668 2288 895 2356 «Stenrerello
912 2315 928 2352 »
946 2305 1089 2372 tuscum,
1106 2307 1294 2378 ceterosque
1308 2287 1408 2377 hujus
1424 2283 1528 2354 modiss

360 2412 466 2480 Servis
487 2413 583 2479 etiam
604 2411 663 2480 alia
682 2413 817 2480 nomina
836 2431 924 2479 erant
945 2433 1061 2502 praeter
1080 2412 1309 2480 Arlecchinum
1331 2431 1364 2479 et
1385 2411 1530 2499 Brighel·

359 2535 437 2620 lam,
452 2553 489 2604 ut
505 2562 521 2599 «
538 2531 727 2623 Tragonino
745 2561 775 2618 u,
795 2562 811 2600 e
829 2534 1006 2604 Gradelino
1021 2562 1052 2620 u,
1069 2563 1085 2600 «
1100 2537 1282 2604 Mezzetino
1296 2561 1326 2617 u,
1337 2536 1528 2625 plerumque

358 2680 506 2728 autema
531 2660 696 2748 Bergomo
718 2660 880 2748 originem
900 2661 1115 2745 trahentibus,
1138 2683 1376 2751 nonnunquam
1391 2662 1488 2726 etiam
1511 2683 1527 2725 a

359 2786 519 2864 Bononia,
536 2784 624 2852 velut
644 2812 659 2848 u
676 2784 815 2873 Scapino
832 2811 863 2868 u,
881 2778 977 2875 atque
993 2787 1121 2853 insulsis
1135 2803 1190 2852 aut
1205 2782 1438 2852 nebulonibus

403 2908 533 2975 Horum
554 2897 704 2997 quisque,
730 2926 765 2974 ut
786 2908 894 2976 videre
909 2908 994 2990 licet,
1012 2909 1186 2998 quamdam
1202 2907 1327 2989 urbem,
1343 2926 1399 2974 aut
1414 2906 1527 2973 saltem

356 3033 555 3120 provinciam
579 3031 796 3119 significans2,
821 3032 915 3118 hujus
939 3032 1075 3100 dialecto
1100 3032 1282 3100 utebatur&
1311 3032 1373 3098 His
1395 3031 1527 3121 quidem

357 3154 604 3246 provincialibus
633 3156 750 3243 linguis
771 3157 818 3223 uti
845 3156 916 3222 Itali
940 3159 1160 3223 communiter
1184 3157 1351 3239 solebant,
1383 3178 1442 3222 nec
1463 3178 1527 3221 una

355 3298 430 3346 ante
445 3279 532 3360 alias,
548 3297 584 3345 ut
600 3279 633 3345 in
649 3278 765 3362 Gallia,
783 3280 963 3346 eminuerat
984 3280 1108 3364 civitas,
1123 3281 1236 3348 ceteris
1251 3279 1389 3348 subactis
1405 3297 1437 3346 et
1452 3302 1526 3368 pro-

356 3403 426 3492 prio
441 3424 592 3470 sermone
606 3425 681 3469 cum
696 3400 842 3469 libertate
857 3403 986 3469 amisso.
1005 3404 1057 3470 Sic
1076 3405 1314 3491 provinciarum
1331 3402 1462 3470 ridicula
1477 3401 1526 3468 his

354 3525 564 3608 addebantur,
588 3550 659 3615 quae
681 3525 812 3593 diversis
834 3526 982 3593 aetatibus
1005 3502 1309 3617 conditionibusque
1331 3529 1431 3593 risum
1454 3549 1525 3592 mo-

355 3669 442 3718 vent.
469 3649 650 3717 Plurimum
674 3651 763 3717 enim
782 3649 984 3739 provincialis
1009 3651 1074 3718 vita
1096 3653 1130 3717 in
1151 3651 1241 3719 Italia
1261 3674 1387 3739 semper
1411 3650 1522 3732 valuit,

353 3772 409 3840 'ubi
431 3792 506 3840 anre
530 3773 590 3840 hos
609 3774 776 3863 proximos
795 3797 899 3840 annos
922 3775 1108 3862 peregrinus
1132 3773 1307 3842 habebatur
1327 3775 1382 3863 qui
1403 3796 1470 3840 non
1486 3797 1524 3839 ex

393 4066 414 4104 1.
436 4049 581 4114 Mdmoires,
597 4061 616 4104 t.
633 4050 667 4114 ll,
683 4067 709 4120 p.
725 4066 784 4119 193.

388 4170 413 4210 2.
436 4156 547 4226 Leporis
567 4154 659 4218 cauda,
682 4173 741 4225 quae
764 4155 917 4210 Arlecchini
938 4168 1060 4226 petasum
1081 4168 1169 4220 ornat,
1190 4153 1323 4209 Goldonii
1343 4155 1424 4209 etiam
1446 4167 1522 4208 aetate

353 4244 495 4296 utebantur
515 4243 690 4313 Bergomates
710 4243 810 4297 rustici.
837 4243 959 4295 Primum
984 4243 1118 4297 Ruzzante
1139 4242 1228 4295 ferunt
1247 4243 1273 4294 in
1295 4259 1411 4295 scaenam
1435 4243 1523 4296 varias

353 4332 509 4401 produxisse
524 4326 651 4384 dialectos
666 4344 701 4396 et,
716 4333 737 4384 si
752 4331 901 4384 Riccoboni
920 4331 1011 4385 credas
1025 4331 1107 4399 (Hz'st¹
1130 4331 1164 4384 du
1185 4331 1290 4384 llrddtre
1309 4331 1420 4400 italien),
1442 4330 1522 4402 hujus

352 4437 414 4473 usus
429 4422 507 4490 origo
522 4419 641 4473 ducenda
659 4432 698 4474 est
719 4437 735 4473 a
753 4419 787 4476 T.
808 4420 903 4472 Maccii
924 4419 1037 4485 Paenalo,
1058 4422 1158 4491 inquo
1179 4421 1253 4488 (Act.
1271 4422 1308 4486 V,
1328 4437 1364 4476 sc.
1390 4422 1416 4488 1)
1433 4438 1522 4490 gram-

352 4509 456 4563 maticis
470 4521 606 4562 tormenta
619 4525 715 4578 parans
730 4508 829 4560 Hanno
849 4510 945 4578 punice
962 4508 1090 4579 loquitur.
1108 4508 1240 4579 Equidem
1254 4509 1352 4579 opinor
1365 4508 1474 4580 longius
1486 4512 1521 4564 ita

352 4597 434 4665 quaeri
449 4594 578 4667 simplicis
593 4596 732 4666 cujusdam
747 4598 785 4649 rei
799 4612 907 4649 causam
922 4614 952 4650 ac
967 4596 1128 4651 nullomodo
1144 4596 1306 4652 mirandam.

390 4716 414 4768 3.
434 4701 503 4755 Vide
517 4701 550 4754 de
565 4703 661 4756 italicis
677 4701 796 4756 dialectis
811 4704 832 4757 L
860 4704 1048 4756 Settembrini:
1065 4704 1170 4773 Leqioni
1183 4703 1212 4756 di
1224 4704 1386 4757 Lelteratura
1400 4703 1520 4788 italiana,

352 4799 371 4843 t.
388 4789 410 4853 1,
427 4806 453 4859 p.
472 4805 502 4857 25
520 4806 576 4860 sqq.
1204 4799 1205 4806 ’
1488 4805 1490 4808 ’
