3588 5680
497 653 541 698 DE
566 650 749 698 GOLDONIO
774 650 962 698 GALLORUM
987 651 1190 700 IMITATORE.
1368 653 1427 718 129

264 790 466 860 Goldonium
498 813 515 856 a
543 790 691 858 Voltario
718 787 885 857 laudatum
917 811 985 856 esse
1018 789 1105 880 quod
1141 790 1428 882 Mendaciloquum

263 938 357 983 suum
371 916 519 1005 ineptum
533 937 569 982 ac
583 913 750 1004 vulgarem
764 913 962 983 nebulonem
973 913 1110 984 finxerit.
1127 910 1190 983 Sed
1202 933 1238 984 ut
1252 913 1308 984 tali
1320 915 1430 984 indole

263 1038 365 1108 homo
380 1061 397 1107 a
412 1038 644 1128 spectatoribus
667 1037 837 1125 toleretur,
853 1060 983 1109 necesse
997 1057 1044 1107 est
1067 1059 1104 1110 ut
1118 1041 1237 1108 vestitu
1255 1039 1360 1109 cultus
1374 1041 1427 1123 sit,

264 1163 437 1255 habituque
451 1162 591 1253 elegans,
607 1163 709 1254 qualis
724 1163 899 1248 Dorantes,
924 1180 955 1231 et
981 1185 1106 1253 semper
1127 1182 1257 1254 paratus
1278 1164 1317 1233 ad
1332 1163 1429 1232 armis

263 1287 520 1356 satisfaciendum
535 1309 593 1377 pro
608 1287 733 1376 injuriis
746 1305 883 1357 ventosa
902 1310 959 1357 sua
973 1287 1214 1380 vaniloquentia
1228 1287 1332 1371 factis,
1350 1288 1429 1357 dum

270 1392 509 1481 innocenter'ac
525 1433 581 1500 per
592 1413 703 1501 jocum
716 1428 845 1480 tantum
858 1410 1013 1501 loquitur.
1028 1411 1134 1497 Justas
1149 1410 1202 1481 dat
1217 1435 1331 1501 poenas
1351 1412 1428 1503 gol-

264 1536 422 1605 donianus
445 1535 556 1619 heros,
580 1536 783 1604 cornelianus
808 1554 916 1605 autem
939 1534 1052 1604 delicta
1079 1538 1154 1605 satis
1176 1535 1264 1605 luere
1288 1535 1428 1623 videtur,

264 1683 338 1730 cunt
351 1661 449 1730 iratus
462 1677 553 1749 pater
572 1685 588 1723 ι(
604 1659 730 1728 tumido
745 1658 889 1747 delitigat
906 1682 962 1728 ore
976 1685 1006 1726 ».
1024 1661 1110 1729 Tam
1129 1660 1261 1731 diversis
1275 1663 1430 1752 gravitate

265 1786 399 1875 peccatis
413 1807 530 1875 nempe
545 1806 613 1851 non
628 1782 739 1851 eadem
750 1805 847 1873 poena
862 1783 1085 1852 conveniebat.

308 1908 524 1979 Goldonianae
541 1909 628 1977 enim
643 1931 790 1998 personae
804 1906 970 1977 mendacia
987 1929 1069 1992 non,
1086 1929 1120 1975 ut
1135 1906 1281 1998 theologi
1304 1911 1430 1994 dicunt,

265 2033 348 2118 laeta,
365 2056 424 2101 nec
440 2034 537 2101 etiam
551 2030 708 2115 officiosa,
724 2032 778 2101 sed
793 2031 906 2100 odiosa
921 2049 1008 2099 sunt.
1024 2029 1105 2101 Non
1120 2049 1251 2100 tanturn
1265 2055 1326 2102 ase
1342 2056 1430 2123 para-

266 2176 336 2226 tum
350 2179 418 2226 esse
432 2159 475 2226 ait
494 2176 694 2226 nocturnum
708 2155 748 2226 ad
764 2154 907 2224 dominae
919 2154 1004 2224 fores
1023 2176 1234 2240 concentum,
1256 2180 1432 2248 versusque

264 2301 408 2372 usurpat,
437 2304 519 2371 quos
543 2279 636 2366 alius,
664 2279 797 2349 timidus
821 2302 945 2364 amans,
973 2279 1097 2366 fecerit,
1120 2281 1175 2350 sed
1197 2280 1432 2351 denticulatum

265 2423 405 2488 textum,
423 2428 489 2496 quo
504 2403 676 2473 Florindus
693 2405 871 2474 Rosauram
885 2403 1030 2506 donavit,
1047 2428 1107 2473 ase
1122 2407 1259 2474 missum
1275 2407 1433 2475 mentitur

265 2528 488 2619 calumniaque
503 2527 596 2618 fingit
611 2528 690 2597 duas
711 2529 851 2618 virgines
871 2528 930 2598 sibi
952 2547 1116 2598 nocturno
1136 2547 1285 2621 tempore
1308 2530 1431 2599 aditum

265 2651 374 2724 fecisse
389 2675 488 2745 seque
502 2653 585 2743 apud
599 2676 650 2722 eas
663 2652 909 2743 pervigilavisse.
925 2654 1087 2723 Dorantes
1102 2653 1216 2723 saltem
1227 2654 1360 2742 virginis
1371 2678 1431 2723 no·

267 2801 342 2844 men
364 2776 451 2845 velut
476 2800 546 2844 rem
569 2779 672 2868 ipsam
697 2779 871 2865 excogitat,
896 2799 973 2845 cum
997 2799 1031 2844 se
1050 2797 1173 2847 secreto
1198 2777 1326 2867 nuptias
1350 2799 1432 2848 con-

267 2903 397 2971 traxisse
411 2903 467 2987 ait,
484 2902 628 2993 nihilque
644 2925 683 2970 eo
704 2902 818 2971 melius
838 2901 997 2972 illustrare
1023 2902 1106 2972 valet
1128 2921 1251 2993 quanto
1273 2903 1385 2994 purior
1399 2903 1434 2971 in

268 3024 382 3111 Gallia,
399 3024 565 3095 Ludovico
580 3027 676 3094 tertio
691 3025 819 3095 decimo
834 3044 1002 3115 regnante,
1020 3049 1117 3117 quam
1134 3026 1293 3112 venetiis,
1309 3026 1434 3098 Goldo·

266 3150 312 3216 nii
326 3167 431 3232 aetate,
446 3150 552 3218 saeculi
569 3168 684 3218 natura
698 3169 795 3219 esset.

310 3275 412 3342 Venia
431 3275 528 3342 etiam
548 3273 665 3343 Laelius
684 3273 861 3361 indignior,
887 3296 962 3343 cum
985 3277 1156 3360 mentitur,
1179 3276 1267 3367 quod
1287 3275 1373 3346 illius
1389 3275 1433 3346 ia·

267 3398 387 3468 bulosae
407 3398 613 3466 inventiones
642 3419 659 3465 a
689 3398 867 3465 Pantalone
890 3398 1112 3486 interrogante
1136 3397 1431 3489 interrumpuntur.

269 3522 412 3612 Tempus
428 3521 513 3589 enim
530 3522 574 3590 ita
588 3520 695 3604 datur,
717 3522 985 3612 quotiescumque
1000 3540 1210 3612 percontatur
1226 3521 1374 3604 Panta10,
1395 3515 1435 3591 ad

268 3644 502 3728 meditandum,
518 3668 593 3713 cum
606 3645 640 3712 in
655 3643 766 3734 gallica
784 3643 889 3712 fabula
905 3642 1185 3734 Mendaciloquus,
1202 3647 1258 3736 qui
1281 3647 1436 3716 continua

268 3771 415 3837 oratione
433 3770 549 3851 utitur,
568 3767 750 3856 juveniliter
770 3766 953 3837 effervescat
964 3767 1004 3837 'ac
1023 3768 1197 3836 verborum
1212 3792 1229 3836 a
1245 3791 1278 3836 se
1293 3771 1434 3860 prolato·

268 3916 341 3960 rum
354 3893 478 3983 impetu
495 3894 574 3981 ipse,
592 3910 629 3960 ut
644 3893 687 3960 ita
705 3890 822 3976 dicam,
847 3889 1007 3960 efferatur.
1027 3893 1146 3962 Veneti
1169 3892 1299 3960 tandem
1319 3893 1435 3962 vitium

269 4040 337 4086 non
351 4015 542 4086 fortitudine
557 4017 698 4085 excusari
710 4035 838 4106 potest3
856 4015 1039 4085 Dorantem
1054 4033 1167 4085 contra
1181 4013 1315 4087 miratur
1329 4010 1436 4107 Alcip-

267 4164 322 4229 pes
336 4163 462 4230 semper
476 4160 623 4232 paratum
637 4163 705 4208 esse
721 4140 759 4209 ad
776 4139 897 4210 fabulas
915 4142 1063 4209 inventas
1077 4140 1184 4227 gladio
1200 4135 1435 4208 confirmandas

268 4263 508 4358 exclamatque:
534 4292 550 4330 r<
573 4267 697 4332 Verum
718 4265 909 4356 plerumque
928 4283 1013 4334 amat
1034 4265 1231 4356 quicumque
1250 4265 1368 4332 virtute
1389 4279 1437 4331 est

269 4388 421 4478 praeditus
433 4391 440 4456 l
457 4389 602 4457 »Laelius
616 4411 692 4456 vero
708 4389 845 4456 minime
858 4387 1001 4456 certandi
1016 4388 1150 4477 cupidus
1164 4387 1291 4455 videtur
1303 4403 1347 4470 et,
1360 4409 1436 4454 curn

270 4510 309 4578 ad
323 4535 466 4601 pugnam
480 4511 518 4579 ab
536 4512 677 4580 Octavio
693 4511 857 4579 lacessitus
871 4532 931 4590 est,
947 4531 1119 4579 cunctatur
1134 4532 1306 4598 morasque
1323 4510 1433 4579 nectit.

316 4636 528 4724 Hispanicum
543 4655 779 4704 antecessorem
793 4637 827 4702 in
842 4634 1038 4703 exsolvendo
1049 4634 1137 4702 nodo
1152 4651 1283 4700 secutus
1297 4651 1345 4700 est
1356 4632 1437 4702 Gol-

271 4757 398 4828 donius.
417 4759 533 4826 Laelius
553 4761 653 4842 enim,
671 4779 705 4827 ut
724 4758 918 4827 delictorum
937 4782 1050 4848 poenas
1069 4758 1135 4840 det,
1154 4779 1222 4824 non
1245 4759 1435 4840 Rosauram,

376 4897 412 4938 DE
432 4898 582 4939 Gotnortto
1316 4897 1331 4951 9
