3588 5680
331 640 374 707 94
492 637 547 706 'DE
572 636 753 684 GOLDONIO
779 635 920 684 lTALlCAE
945 635 1064 684 SCAENAE
1088 635 1326 682 CORRECTORE.

330 779 441 846 sertim
456 779 490 846 in
500 779 531 846 Α
536 776 705 844 mantibus¹
717 794 746 844 et
762 777 794 844 in
811 775 947 844 Muliere
962 775 1177 858 inconstanti²‚
1188 773 1256 857 ubi,
1269 796 1344 842 cum
1356 775 1496 842 Dianam

330 925 467 992 sponsus
479 919 569 988 rogat
582 925 661 968 num
677 923 773 990 quem
789 922 932 988 unquam
948 899 1114 979 amaverit,
1126 896 1299 1002 respondet
1315 897 1368 966 illa
1383 921 1417 965 se
1434 925 1449 962 u
1463 900 1496 966 in

331 1028 424 1094 tectis
438 1047 564 1093 currere
578 1026 700 1094 nescire
708 1050 739 1108 a,
750 1023 839 1114 quod
854 1022 929 1090 feles
944 1023 1117 1092 itaVeneri
1131 1021 1335 1109 indulgentes
1346 1020 1460 1090 viderit
1470 1035 1493 1090 ³.

376 1149 504 1234 Quibus
520 1150 595 1216 satis
610 1166 912 1239 apparet‘quantum
924 1165 955 1215 et
969 1147 1001 1214 in
1013 1145 1186 1214 emendato
1199 1144 1357 1213 Goldonii
1369 1146 1495 1214 theatro

331 1272 558 1362 corrigendum
574 1290 763 1361 superesset,
785 1288 930 1361 quotque
944 1270 1169 1357 extemporalis
1179 1269 1350 1337 comoediae
1364 1268 1497 1356 vestigia

330 1399 427 1466 etiam
457 1419 529 1465 tum
558 1413 736 1464 manerent.
767 1396 888 1482 Injuria
922 1414 1031 1462 tamen
1058 1391 1296 1483 judicaremus,
1327 1393 1353 1460 si
1382 1392 1497 1460 talibus

331 1523 484 1610 exemplis
503 1540 632 1588 tantum
648 1538 834 1603 uteremur3
856 1539 923 1584 non
942 1539 1014 1585 rato
1034 1519 1122 1584 enim
1143 1515 1328 1584 Goldonius
1347 1515 1442 1584 altius
1463 1539 1497 1582 se

331 1644 451 1712 attollit
464 1643 602 1733 illisque,
618 1644 673 1734 qui
689 1665 764 1710 eum
784 1639 924 1708 feliciore
938 1640 1008 1730 lpce
1024 1663 1152 1709 cernere
1168 1641 1320 1729 cupiunt,
1342 1653 1497 1706 scaenam⁴

333 1767 505 1858 quamdam
529 1766 664 1848 notab0‚
684 1789 755 1856 quae
773 1767 940 1833 scitissime
960 1766 1147 1856 explicatur,
1168 1787 1295 1856 quaque
1315 1765 1413 1854 liquet
1428 1787 1494 1830 non

332 1894 481 1961 acumine
503 1891 668 1959 interdum
698 1913 803 1960 carere
826 1909 957 1980 poetam
982 1907 1013 1958 et
1042 1891 1166 1978 optime
1187 1890 1304 1956 vitium
1330 1887 1493 1978 quoddam

234 2031 237 2038 '
332 2016 415 2106 apud
438 2017 573 2084 feminas
600 2016 897 2106 frequentissimum
919 2014 1115 2102 depinxisse,
1143 2012 1264 2080 scilicet
1289 2013 1495 2079 immodicam

332 2141 476 2230 placendi
491 2140 672 2230 cupidinem
691 2140 895 2228 vestiumque
910 2137 1034 2205 cultum
1048 2141 1134 2226 justo
1151 2137 1369 2205 mundiorem.

376 2263 560 2351 Virginibus
584 2265 647 2330 suis
668 2262 832 2330 interdum
855 2260 1101 2349 simplicioribus
1123 2260 1280 2328 Beatrices
1306 2260 1497 2350 plerumque

333 2386 519 2456 Goldonius
533 2389 683 2476 opponit,
699 2386 823 2454 firmior
838 2386 954 2477 quibus
970 2402 1018 2452 est
1031 2386 1157 2452 animus
1173 2402 1205 2450 et
1218 2407 1289 2474 quae
1300 2402 1358 2451 aut
1375 2382 1495 2450 festivae

333 2529 410 2579 sunt
430 2511 557 2603 puellae,
572 2529 627 2578 aut
651 2513 765 2600 saepius
789 2528 946 2578 matronae
967 2508 1147 2576 amantibus
1167 2507 1371 2597 indulgentes
1384 2519 1405 2576 ⁵.
1424 2507 1498 2574 Fre·

333 2653 469 2726 quenter
483 2637 579 2703 etiam
594 2636 721 2704 Beatrix
735 2636 803 2701 seni
817 2631 916 2702 viduo
933 2632 1080 2700 secundis
1096 2633 1215 2721 nuptiis
1229 2635 1338 2720 juncta
1349 2649 1397 2698 est
1405 2630 1430 2714 ⁶,
1448 2633 1499 2698 cui

334 2759 477 2827 utilitatis
490 2783 583 2828 causa
598 2761 706 2848 nupsit
715 2785 725 2842 ;
744 2758 798 2826 sed
815 2759 918 2826 virum
934 2758 1163 2846 privignosque
1177 2755 1287 2844 jurgiis
1301 2772 1446 2844 torquet,
1463 2779 1498 2821 ac

334 2907 583 2974 nonnunquam,
611 2901 648 2951 ut
672 2883 792 2972 proprii
812 2882 901 2949 liberi
925 2883 960 2948 in
983 2881 1088 2948 mariti
1108 2879 1249 2948 filiorum
1270 2879 1342 2947 loco
1366 2879 1498 2950 heredes

333 3009 560 3088 instituantur,
584 3009 674 3075 omni
701 3028 794 3088 cura,
820 3027 878 3074 nec
900 3003 1002 3086 dolis,
1028 3027 1086 3071 nec
1109 3002 1226 3071 scelere
1249 3005 1344 3070 etiam
1371 3027 1498 3091 semper

333 3134 478 3213 omissis,
489 3133 608 3220 privata
621 3131 806 3218 Agrippinae
822 3129 1007 3218 exemplum
1024 3145 1145 3209 secuta,
1161 3127 1341 3195 contendit.

380 3253 497 3322 Fabula
519 3272 597 3321 tunc
619 3255 697 3322 seria
714 3251 750 3319 fit
759 3280 769 3337 ;
792 3251 952 3319 comoedia
980 3272 1087 3318 autem
1117 3274 1204 3318 mera
1233 3250 1326 3319 nobis
1356 3249 1498 3318 ostendit

334 3396 451 3445 matres
471 3379 545 3444 viris
564 3377 708 3466 placendi
727 3398 852 3463 semper
870 3374 1016 3463 cupidas,
1036 3398 1109 3464 quae
1123 3374 1260 3442 filiarum
1279 3393 1423 3441 amantes
1439 3373 1498 3441 sibi

333 3526 525 3591 praesumere
539 3514 730 3569 conantur7.
748 3501 819 3568 Nec
836 3501 1015 3588 provectior
1030 3516 1106 3565 aetas
1121 3500 1210 3585 ignes
1231 3524 1248 3564 u
1265 3499 1363 3565 cineri
1383 3497 1497 3565 doloso

334 3629 517 3717 suppositos
534 3653 549 3692 >r
567 3627 663 3692 etiam
678 3626 842 3708 exstinxit,
859 3641 896 3690 ut
911 3625 944 3690 in
958 3623 1135 3691 adventicia
1148 3621 1327 3692 Αἰεαίονὶς8
1343 3645 1494 3712 persona,

373 3900 395 3940 1.
418 3882 464 3936 Gli
473 3884 638 3939 innumorari.

370 3996 395 4036 2.
417 3979 454 4032 La
468 3979 551 4031 donna
563 3979 679 4036 volubile,

372 4093 394 4148 3.
415 4077 475 4130 Act.
496 4093 519 4142 1,
540 4093 576 4130 sc.
594 4092 637 4132 20.

368 4188 394 4239 4,
416 4172 451 4224 Le
463 4174 558 4225 smanie
569 4182 615 4243 per
629 4175 654 4225 Ia
667 4172 841 4242 villegiatura.
859 4172 920 4226 Act.
937 4171 974 4236 Il,
991 4188 1026 4226 sc.
1048 4187 1087 4228 12.

372 4287 394 4340 ς,
416 4269 454 4322 La
463 4270 530 4340 flata
544 4269 691 4333 ammalata,
706 4269 856 4322 L'avvocato
869 4270 1014 4336 veneziano,
1031 4282 1080 4323 etc.

370 4378 394 4433 6,
417 4377 442 4430 Il
458 4377 538 4448 padre
557 4375 585 4428 di
595 4375 730 4446 samiglia,
747 4377 786 4430 La
801 4392 872 4430 servo
891 4391 1014 4440 amorosa,
1035 4375 1060 4430 11
1077 4381 1152 4448 poeto
1169 4373 1297 4444 fanatico,
1314 4373 1418 4426 L’uomo
1435 4381 1498 4443 pru·

335 4466 415 4531 dente,
431 4477 480 4521 etc.

370 4588 394 4642 7,
416 4572 441 4625 Il
455 4579 545 4637 tutore,
560 4571 585 4624 ll
598 4573 769 4642 raggiratore,
786 4561 956 4638 L’adulatore,
972 4570 1011 4624 La
1024 4577 1093 4642 sposa
1106 4584 1202 4640 sagace,
1220 4568 1244 4621 ll
1258 4569 1381 4622 cavaliere
1393 4568 1421 4621 di
1433 4567 1499 4622 buon

334 4667 415 4734 gusto,
432 4672 481 4717 etc.

371 4770 396 4825 8.
419 4767 443 4820 ll
455 4767 588 4838 giomtore.
605 4768 665 4822 Act.
684 4766 719 4832 II,
736 4782 773 4820 sc.
792 4781 831 4821 11.
