3588 5680
541 657 584 705 DE
610 656 792 706 GOLDONIO
821 657 976 708 LUTETIAE
1001 657 1178 710 MORANTE.
1378 657 1438 727 113

271 798 392 867 toribus
402 796 506 866 lavere
515 799 712 888 incipiebant
727 820 759 867 et
774 798 852 869 utile
866 798 1032 869 videbatur
1049 799 1280 891 quodcumque
1294 820 1441 869 nostram

269 946 359 1012 paene
381 924 571 994 exhaustam
594 947 713 993 venam
736 924 888 993 ditiorem
915 924 1018 995 facere
1042 944 1187 1016 poterat,
1217 949 1276 996 nec
1301 927 1441 994 strictius

269 1048 497 1117 observabatur
513 1046 601 1140 quod
621 1048 767 1116 novitate
781 1047 935 1138 placebat.

313 1173 351 1241 ln
366 1172 441 1242 stilo
458 1191 610 1264 praeterea
623 1173 766 1242 Morosus
781 1173 930 1264 beneficus
939 1177 1077 1243 maxime
1092 1175 1261 1259 claudicat,
1273 1172 1360 1265 quod
1372 1175 1441 1266 qui·

269 1297 342 1368 dem
358 1317 390 1366 et
406 1298 440 1366 in
455 1296 569 1366 italicis
583 1297 727 1384 ejusdem
742 1317 847 1388 poetae
861 1296 976 1368 fabulis
989 1316 1131 1390 apparet,
1152 1299 1295 1388 exceptis
1312 1318 1441 1367 tantum

269 1447 342 1513 quae
356 1441 472 1492 veneta
492 1422 630 1492 dialecto
650 1425 775 1514 scriptae
795 1441 881 1492 sunt.
906 1423 1014 1492 Multo
1035 1441 1143 1494 tamen
1164 1421 1280 1491 melius
1301 1421 1369 1522 haec
1388 1446 1443 1491 co-

269 1548 390 1617 moedia
404 1547 514 1638 lingua
527 1548 612 1617 valet
626 1571 725 1638 quam
744 1549 980 1632 commentarii,
994 1572 1078 1639 quos
1088 1550 1121 1616 in
1132 1566 1297 1617 senectute
1309 1571 1443 1639 compo·

268 1673 331 1741 suit
344 1671 543 1759 Goldonius,
560 1671 751 1742 hebescente
764 1676 829 1762 jam
843 1670 981 1758 calamo,
1002 1691 1032 1742 et
1055 1675 1110 1764 qui
1131 1671 1324 1742 soloecismis
1343 1671 1443 1742 abun·

268 1798 359 1867 dant.
376 1797 546 1889 Quidquid
559 1797 591 1866 id
606 1816 667 1884 est,
685 1796 869 1867 mirandum
883 1799 1089 1888 peregrinum
1107 1799 1291 1883 hominem,
1307 1800 1363 1891 qui
1379 1817 1443 1868 tres

268 1941 299 1993 et
317 1924 550 2014 quinquaginta
564 1945 668 1991 annos
682 1941 778 1992 natus
791 1924 825 1991 in
841 1922 981 1991 Galliam
995 1925 1147 2006 venisset,
1164 1941 1339 2014 postquam
1357 1922 1442 2013 apud

269 2071 329 2116 nos
346 2070 584 2117 novemannos
599 2067 728 2118 tantum
751 2047 974 2139 permanserit,
999 2068 1114 2116 nostro
1137 2071 1288 2117 sermone
1309 2047 1440 2117 feliciter

267 2195 364 2240 usum
381 2171 491 2241 fuisse.
515 2173 632 2242 Errant
651 2173 740 2241 enim
758 2173 813 2264 qui
835 2173 995 2241 Mororum
1014 2173 1190 2264 Beneficium
1209 2173 1313 2241 italica
1333 2172 1442 2263 lingua

268 2299 410 2387 primum
422 2299 578 2388 scriptum
593 2316 770 2390 posteaque
780 2300 970 2367 translatum
981 2299 1194 2368 arbitrantur:
1207 2299 1318 2388 gallice
1327 2319 1441 2368 contra

267 2420 371 2490 sabula
382 2424 563 2513 ‘composita
576 2440 610 2490 et
624 2441 736 2492 mente
750 2441 905 2513 concepta
919 2421 994 2509 fuit,
1008 2424 1207 2514 originisque
1221 2443 1313 2506 nota,
1325 2443 1361 2492 ut
1376 2425 1443 2514 ipse

267 2547 405 2637 scriptor
423 2548 480 2632 ait,
502 2548 535 2614 in
556 2549 740 2633 sententiis,
763 2547 974 2638 imaginibus,
996 2547 1142 2616 moribus
1161 2571 1196 2616 ac
1220 2547 1296 2616 stilo
1318 2549 1443 2636 signata

269 2689 326 2739 est.
340 2671 449 2740 Immo
467 2670 569 2740 Gallia
583 2695 619 2741 ex
634 2673 728 2742 novis
739 2671 898 2742 Goldonii
912 2671 1024 2741 italicis
1039 2670 1154 2741 fabulis
1169 2670 1343 2756 redolebat,
1355 2695 1439 2763 quae,

269 2815 344 2863 cum
360 2797 393 2864 in
408 2796 533 2873 ltaliam
549 2797 768 2881 mitterentur,
786 2819 844 2866 nec
860 2817 952 2867 vetus
967 2817 1075 2882 tenor,
1092 2820 1151 2865 nec
1165 2797 1283 2886 gentis,
1304 2798 1355 2865 cui
1371 2796 1442 2864 des-

269 2921 466 3005 tinabantur,
487 2921 746 3012 agnoscebantur
768 2945 876 2992 mores
897 2940 941 3005 et,
966 2924 1112 3014 quamvis
1132 2922 1199 2990 haec
1220 2945 1316 3012 opera
1335 2945 1441 3014 popu·

269 3045 383 3113 larium
405 3046 568 3116 auribusa
588 3047 756 3117 Goldonio
776 3044 1114 3131 accommodarentur,
1129 3045 1308 3116 mediocres
1327 3070 1362 3115 ea
1376 3049 1441 3135 jam

269 3193 356 3239 nunc
370 3171 499 3262 plausus
513 3171 720 3263 accipiebant.

313 3295 449 3366 Meliore
476 3320 624 3366 successu
654 3315 751 3389 quem
780 3293 814 3365 in
843 3296 947 3366 Gallia
973 3299 1140 3366 invenerat
1167 3297 1281 3381 fretus,
1310 3277 1442 3364 alteram

269 3420 393 3511 scripsit
406 3421 517 3511 gallice
530 3421 685 3508 fabulam,
697 3423 748 3491 cui
763 3421 939 3512 Prodigum
948 3424 1101 3490 simulam
1111 3434 1245 3491 uuarus¹
1259 3420 1369 3489 titulus
1381 3438 1441 3505 est,

270 3568 397 3637 quaque
411 3569 497 3616 nova
512 3548 683 3639 tenuisque
698 3543 816 3616 indolis
831 3547 966 3614 varietas
980 3548 1098 3614 iterum
1113 3543 1362 3636 significabatur.
1380 3543 1442 3612 Mi·

271 3673 409 3740 nutatim
423 3672 457 3741 in
475 3671 714 3741 Commentariis
725 3653 902 3763 'explicatur
915 3671 982 3739 haec
993 3670 1169 3756 comoedia,
1181 3692 1253 3761 quae
1263 3667 1364 3738 semel
1373 3687 1442 3738 tan·

270 3815 341 3862 tum
356 3811 430 3863 ante
447 3817 557 3885 regem
580 3814 650 3865 acta
671 3794 745 3881 fuit,
761 3814 924 3886 quamque
945 3795 1085 3865 Lutetiae
1107 3796 1252 3877 recitare,
1275 3781 1336 3862 nisi
1357 3795 1443 3884 prius

272 3937 463 4004 correctam,
479 3919 622 3988 comoedi
637 3939 849 4009 negaverunt.

314 4043 384 4112 Nec
411 4047 476 4134 jam
504 4045 591 4112 enim
620 4037 773 4114 novitatis
801 4045 902 4135 gratia
934 4042 1078 4135 placebat
1113 4045 1303 4134 peregrinus
1334 4061 1442 4134 poeta,

271 4191 411 4259 cumque
425 4193 509 4238 unus
526 4170 610 4238 inter
632 4169 753 4238 multos
778 4167 962 4239 Goldonius
986 4166 1090 4253 fieret,
1107 4167 1304 4236 difficiliores
1325 4165 1444 4257 judices

270 4292 474 4377 inveniebat3
491 4292 717 4384 progrediente
740 4294 837 4361 etiarn
852 4309 958 4378 aetate,
978 4291 1078 4360 animi
1093 4311 1189 4361 aestus
1206 4289 1442 4380 languescebat.

271 4417 384 4508 Itaque
407 4416 462 4485 tali
489 4415 589 4487 modo
612 4416 778 4485 fortunam
804 4419 921 4486 iterum
947 4419 1081 4506 experiri
1103 4416 1218 4485 desivit
1230 4443 1239 4500 ;
1265 4414 1445 4482 comoedias

272 4561 401 4610 tanturn
423 4542 570 4610 cantibus
593 4542 767 4627 ornandas,
789 4565 927 4633 quarum
947 4561 979 4610 et
1004 4541 1117 4609 titulos
1141 4543 1175 4607 in
1204 4528 1447 4607 Commentariis

311 4833 332 4879 1.
354 4822 463 4876 L’avarc
471 4819 601 4891 saslueux.

375 4943 412 4982 ua
432 4943 590 4984 GOLDON10.
