996 1552
224 226 246 247 84
310 230 333 242 DF.
345 230 437 242 Gor-Domo
449 229 520 242 ιτΑΙ-ιεε
532 230 592 242 scnium.
604 229 723 241 Εοιυιεετοιε.

225 271 234 281 κ
241 265 317 282 Rosauris
327 271 335 281 n
344 270 380 287 quae
389 265 427 287 ipsis
437 268 475 281 sunt
482 264 565 282 ducendae.
574 264 698 287 Nonnunquam
705 264 731 281 vix
739 264 808 286 puberes

223 302 242 313 nc
255 301 300 318 paene
314 296 363 313 etiam
374 296 420 318 pueri
433 300 478 316 sunt,
490 296 542 318 qualis
553 295 640 312 Florindus
652 295 668 312 in
681 295 806 318 Patre-familias]

224 326 339 349 paedagogique
345 326 413 344 ferulam
422 327 504 348 timentes,
512 326 531 343 ad
541 327 605 349 quasvis
614 326 664 349 parati
673 326 744 349 nuptias,
752 332 808 343 eman-

224 358 298 380 cipentur
311 357 368 379 modo,
380 358 448 380 patriam
459 362 556 380 potestatem
571 358 600 380 ipsi
613 362 703 378 exerceant,
717 362 807 375 maternam

225 389 281 406 dotem
288 389 376 409 vindicent,
385 393 413 406 aut
422 394 460 406 eum
468 388 543 406 fratribus
552 388 644 405 hereditatis
654 394 687 405 suae
696 393 758 411 partem
769 393 808 405 ante

225 420 268 440 diem
274 420 352 437 dividant.

247 451 326 468 Romanae
337 450 422 468 comoedia?
435 451 508 472 juvenes,
522 451 551 468 etsi
565 451 618 468 multo
632 451 731 468 severiorum
745 455 809 473 patrum

225 482 241 499 in
253 488 311 502 manu,
323 487 360 498 cum
372 481 430 504 quibus
442 482 503 499 eaedem
513 482 553 504 juris
564 487 637 505 personae
648 486 703 503 erant,
714 481 809 498 vividiorem

225 518 280 530 tamen
289 513 339 530 vitam
348 512 428 530 vivebant.
438 513 518 530 Dissoluti
528 513 567 533 sint,
575 513 645 535 virg-ines
655 517 766 535 corrumpant¹
776 518 809 529 me-

226 544 290 561 retrices
301 548 362 564 ament,
373 549 462 566 mangones
473 549 500 561 aut
511 544 557 561 annis
566 544 655 561 imbecillos
665 549 711 561 senes
721 544 810 561 innumeris

226 574 308 592 fraudibus
315 575 397 595 deludant,
405 575 451 592 venia
458 580 513 592 tamen
520 575 565 597 digni
572 579 616 595 sunt,
624 575 669 597 quod
676 575 693 592 in
700 575 746 591 venis
750 575 809 591 calidus

227 606 258 623 urit
270 606 345 628 sanguis;
357 612 396 622 mox
408 606 474 626 militia,
487 606 605 627 magistratibus
616 606 675 628 gestis,
688 606 810 623 existimationis

228 635 295 657 integrae
302 634 383 651 servandae
390 640 434 655 cura,
440 634 552 657 prudentiores
558 634 603 651 fient.
611 635 691 651 Homines
696 635 739 651 enim
744 639 789 655 sunt,
794 639 810 651 et

228 665 298 682 humana
305 665 371 682 illorum
378 665 467 688 cupidines,
475 666 527 682 immo
534 666 579 686 vitia,
586 671 646 688 neque,
653 670 671 683 ut
679 665 758 682 Guldonii
764 666 810 688 juve-

228 702 263 717 nes,
270 696 329 713 deflent
337 701 363 713 aut
371 696 432 713 balatus
440 696 497 714 edunt.
506 697 527 713 1-1i
535 701 598 717 contra,
606 697 658 714 Flacci
666 696 717 714 verbis
725 701 766 717 utar,
776 703 784 713 α
792 701 810 714 ut

227 728 281 745 nervis
295 727 350 744 alienis
363 727 423 745 mobile
437 727 500 749 lignum
514 734 522 744 n
531 727 619 748 ducuntur,
634 727 695 745 nedum
708 733 737 745 sua
752 733 811 750 sponte

227 763 281 781 agant,
289 758 403 781 affectibusque
410 759 448 781 ipsis
455 759 517 776 moveri
524 759 592 776 valeant.

250 790 308 807 Laelius
319 790 336 806 in
348 790 390 806 Fida
399 796 444 807 serva
449 793 460 811 ¹,
470 796 507 807 cum
517 796 526 807 a
537 796 606 807 noverca
616 796 625 807 e
634 791 684 813 patria
694 791 745 808 domo
757 790 811 813 pulsus

228 825 258 841 est,
264 820 325 837 ancillae
329 820 383 837 labore
390 821 435 841 vivit,
443 827 479 843 quae
486 821 563 838 miserum
571 822 615 844 sequi
623 827 669 838 erum
678 827 712 838 non
719 821 798 839 dubitavit
805 828 810 842 ;

227 852 310 868 adversam
315 851 397 868 fortunam
401 851 452 872 dolet,
457 852 537 874 patrisque
541 857 621 874 exspectat
627 852 739 873 hereditatem,
745 852 812 869 meliora

228 887 301 905 tempora
308 888 383 904 sperans;
394 888 430 905 quae
440 887 457 899 ut
468 888 580 905 properentur,
590 883 629 900 nihil
639 888 694 900 tamen
702 884 741 906 agit,
749 883 812 900 consilii

227 914 275 930 etiam
290 913 380 935 ambiguus,
395 919 433 930 nam
447 913 508 930 nullam
522 919 574 931 artem
588 920 661 931 exercere
675 919 735 936 potest.
749 914 811 934 Immo,

227 942 273 967 quod'
279 944 299 961 ad
308 950 381 961 amorem
390 950 438 961 suum
447 945 523 967 pertinet,
531 945 622 967 excogitare
631 950 659 962 aut
668 951 715 968 agere
726 946 812 968 quicquam

228 976 290 998 nequit,
301 982 309 992 τι
314 981 396 998 servaeque
403 975 439 992 fidae
448 982 456 991 n
464 976 493 998 ipsi
501 976 565 999 nuptias
570 976 636 998 parandi
641 982 742 999 uxoremque
748 976 812 993 fortuna

228 1007 294 1029 dignam
303 1006 371 1029 eligendi
381 1012 423 1023 onus
434 1007 519 1028 incumbit,
530 1007 595 1030 quando
607 1007 624 1024 in
637 1007 719 1030 integrum
732 1007 774 1030 apud
786 1013 812 1029 pa-

228 1043 270 1055 trem
278 1038 369 1055 adulescens
378 1037 443 1055 tandem
451 1038 545 1055 restituitur.

251 1097 307 1114 Nihilo
319 1097 383 1118 melius,
395 1103 431 1114 mea
442 1097 508 1120 quidem
520 1097 606 1117 sententia,
620 1103 669 1120 quam
682 1097 711 1114 hac
724 1097 813 1114 insulsitate

229 1128 294 1145 ostendi
301 1133 355 1151 potest
362 1133 421 1151 quanta
428 1128 504 1145 occiderit
512 1128 557 1145 ruina
565 1134 622 1145 octavo
629 1128 691 1145 decimo
697 1128 756 1145 saeculo
761 1128 812 1149 Italia,

229 1160 245 1177 in
253 1166 284 1182 qua
290 1160 336 1177 bonae
343 1160 396 1182 stirpis
404 1159 532 1176 adulescentibus
538 1164 579 1176 artes
584 1160 609 1177 vel
614 1159 684 1176 liberales
689 1159 753 1176 fastidio
758 1164 811 1181 erant;

229 1191 296 1208 mercari
305 1191 402 1213 praesenim,
412 1196 429 1207 ut
439 1191 508 1212 majores
519 1190 597 1211 fecerant,
610 1190 646 1207 illos
659 1190 738 1212 taedebat;
753 1191 814 1208 militiae

248 1268 253 1278 t
270 1264 289 1278 La
295 1269 331 1278 serva
338 1268 401 1279 amorosa.
