3600 5682
326 622 369 687 40
509 621 552 668 DE
577 620 757 668 GOLDONIO
782 621 924 670 lTALICAE
949 622 1068 669 SCAENAE
1093 622 1316 671 CORRECTORE

326 777 363 826 ut
374 759 548 827 hodiernos
560 782 667 828 mores
676 761 802 829 veritati
812 761 978 851 proximos
989 759 1134 846 reddam,
1147 761 1258 829 omnia
1268 758 1351 830 dicta
1361 779 1493 850 actaque

326 883 446 953 horum
461 884 608 975 exemplo
623 884 765 953 lascivire
781 905 943 975 oportere.
961 913 977 950 n

370 1010 590 1097 Mandragorb
608 1032 685 1079 vero
705 1034 837 1079 summo
857 1031 1008 1102 apparatu
1031 1033 1141 1080 coram
1165 1012 1276 1081 Leone
1297 1011 1439 1093 decimo,
1462 1031 1492 1078 et

329 1131 491 1204 carandra
514 1153 587 1201 ante
612 1135 791 1204 Henricum
813 1135 992 1204 secundum
1014 1157 1214 1225 uxoremque
1237 1137 1396 1223 reginam,
1419 1158 1493 1204 cum

328 1258 540 1346 Lugdunum,
565 1281 652 1328 anno
673 1263 774 1350 1548,
793 1260 927 1350 ingressi
949 1279 1037 1347 sunt,
1061 1259 1191 1330 fuerunt
1215 1280 1305 1330 actae.
1332 1260 1495 1330 Cardinali

325 1406 464 1473 purpura
478 1384 631 1452 Bibbiena
647 1385 815 1454 decoratus
830 1405 909 1470 erat,
925 1405 956 1454 et
972 1386 1135 1476 scriptoris
1150 1387 1340 1476 gravitatem
1360 1384 1494 1455 famam-

327 1531 390 1601 que
402 1508 634 1578 Macchiavellii
648 1509 818 1579 conroediae
832 1513 967 1580 minime
981 1510 1148 1581 laedebant.
1163 1513 1242 1581 Hauc
1257 1514 1344 1581 enim
1355 1510 1493 1581 oblecta·

327 1652 437 1702 menta
451 1657 519 1702 esse
537 1633 744 1720 videbantur,
761 1634 878 1727 quibus
901 1635 1017 1706 eruditi
1038 1637 1096 1705 viri
1120 1660 1390 1728 summorumque
1409 1639 1494 1728 prin·

327 1761 435 1850 cipum
456 1761 552 1848 legati
574 1758 775 1851 publicarum
796 1783 904 1830 rerum
928 1785 1020 1830 curas
1041 1760 1196 1845 levarent,
1217 1782 1249 1831 et
1271 1786 1343 1854 quae
1368 1763 1495 1830 minimi

327 1887 488 1952 momenti
512 1883 723 1954 habebantur.
746 1886 855 1954 Immo
876 1877 1198 1956 animadverteridum
1219 1889 1314 1975 hujus
1333 1888 1434 1956 aetatis
1447 1886 1494 1956 la-

327 2009 428 2096 bulas,
441 2032 507 2101 quo
521 2010 670 2079 moribus<
678 2012 872 2096 vitiosiores,
886 2035 926 2080 eo
939 2015 1121 2082 attentione
1137 2036 1205 2081 esse
1217 2013 1394 2102 digniores,
1405 2036 1493 2096 nam,

328 2158 402 2204 cum
426 2134 598 2228 aequaliunr
620 2134 750 2205 vivendi
771 2136 908 2205 modurn
931 2136 1067 2206 fideliter
1089 2157 1274 2221 retractant,
1291 2157 1368 2206 tunc
1388 2137 1495 2206 solum

330 2262 416 2328 vivas
433 2261 589 2346 imagines
606 2261 805 2351 exprimunt,
826 2280 970 2331 ceterum
986 2281 1113 2353 tempus
1128 2262 1258 2332 fictitias
1272 2282 1367 2353 atque
1383 2262 1422 2330 ab
1437 2285 1497 2330 an·

327 2387 424 2476 tiquis
437 2384 551 2454 tradita
565 2385 722 2454 serviliter
736 2387 912 2454 imitantes.

374 2511 515 2579 Emicuit
540 2530 649 2580 autent
674 2509 763 2579 brevi
786 2511 941 2600 temporis
968 2530 1140 2579 momento
1170 2510 1293 2580 erudita
1321 2511 1495 2596 comoedia,

321 2635 410 2704 'dum
431 2634 600 2725 populares
621 2635 734 2707 fabulae
754 2635 879 2712 assidue
904 2654 934 2705 et
952 2633 1137 2727 frequenter
1163 2634 1385 2705 audiebantur.
1408 2637 1495 2705 Ten·

331 2763 411 2830 tavit
430 2784 508 2829 vero
534 2763 648 2830 Petrus
668 2763 787 2845 Cotta,
811 2763 862 2829 cui
886 2761 1006 2830 Caelius
1027 2784 1225 2851 cognomen,
1250 2784 1301 2830 eas
1325 2762 1496 2851 spurcitiis,

331 2885 447 2977 quibus
461 2884 646 2969 sordebant,
667 2909 867 2976 expurgare;
886 2910 946 2954 uec
967 2887 1081 2956 melius
1101 2906 1210 2957 tamen
1233 2888 1383 2955 successit
1402 2911 1499 2978 quum

333 3010 563 3092 Riccobouius,
578 3010 673 3101 hujus
688 3009 878 3101 discipulus.
897 3012 1039 3080 Lascivia
1059 3014 1146 3080 eninr
1165 3031 1346 3102 turpesque,
1358 3035 1498 3097 amores,

335 3144 370 3222 u't
384 3156 490 3219 antea,
506 3137 679 3226 praecipuas
690 3137 729 3227 *in
745 3136 952 3226 popularibus
968 3156 999 3203 et
1014 3138 1047 3204 in
1065 3136 1197 3204 eruditis
1212 3137 1381 3206 comoediis
1395 3157 1500 3228 partes

335 3281 443 3330 tenere
459 3263 593 3330 minime
606 3261 803 3333 desiverunt.
823 3263 862 3330 In
878 3262 1029 3332 omnibus
1050 3263 1177 3349 fabulis,
1194 3264 1280 3333 velut
1296 3263 1386 3333 locus
1407 3288 1500 3334 com-

334 3389 454 3470 munis,
471 3386 664 3456 adulterium
680 3386 862 3472 adhibetur,
879 3408 1093 3478 peccaturque
1112 3407 1239 3457 tacente
1261 3391 1403 3458 criminis
1423 3412 1501 3458 con-

334 3514 477 3596 scientia,
494 3514 582 3603 quasi
598 3530 711 3580 natura
730 3531 827 3604 atque
841 3513 992 3580 omnium
1013 3534 1172 3580 consensu
1194 3535 1243 3580 res
1256 3513 1498 3598 concederetur,

334 3655 370 3704 ut
387 3636 537 3705 deservis
552 3635 731 3719 limacibus,
748 3636 787 3704 de
801 3635 1007 3705 fraudulento
1024 3635 1171 3719 doctore,
1187 3637 1226 3706 de
1242 3638 1372 3706 senibus
1386 3638 1500 3728 volup·

334 3763 392 3830 tati
407 3762 521 3830 deditis
537 3781 669 3830 taceam.
688 3763 752 3830 Ista
767 3763 853 3829 enim
869 3761 989 3830 leviora
1004 3761 1195 3830 videbantur
1211 3783 1316 3853 neque
1330 3764 1364 3830 in
1381 3764 1499 3830 serium

335 3888 436 3976 magis
449 3885 665 3955 convertenda
682 3906 780 3972 quam
799 3885 832 3950 in
851 3886 984 3974 antiquo
1004 3904 1118 3953 nostro
1141 3886 1282 3967 theatro,
1308 3885 1396 3976 quod
1420 3886 1500 3955 hanc

336 4012 516 4094 materiam,
532 4009 570 4078 ab
587 4007 676 4077 Italia
693 4005 948 4092 commodatam,
965 4010 1129 4098 propriam
1144 4010 1202 4078 sibi
1217 4009 1303 4078 fecit.

379 4136 489 4204 Medio
507 4154 615 4203 tamen
631 4154 723 4208 sexto
739 4132 865 4202 decimo
878 4133 995 4203 saeculo
1012 4157 1060 4201 res
1076 4134 1191 4202 melius
1206 4137 1251 4202 ire
1268 4137 1384 4226 coepit;
1403 4138 1501 4204 nimia

337 4263 423 4329 enim
444 4262 571 4329 licentia
594 4283 773 4349 suppressa,
791 4259 987 4328 Tridentino
1010 4259 1180 4328 aconcilio
1199 4262 1364 4348 provisum
1380 4280 1446 4329 erat
1461 4284 1501 4328 ne

337 4389 507 4476 scriptores
523 4406 666 4453 veterem
686 4384 822 4453 modum
841 4385 960 4453 diutius
982 4404 1206 4474 sequerentur,
1222 4404 1319 4476 atque
1339 4409 1394 4454 eos
1416 4409 1502 4476 papae

337 4512 499 4594 castiores,
517 4512 570 4601 qui
586 4511 711 4598 Borgiis
726 4509 924 4601 Medicisque
939 4530 1172 4592 successerunt,
1188 4511 1375 4578 attentiores
1390 4508 1502 4580 fabulis

338 4636 534 4725 corrigendis
555 4635 767 4703 reddiderant.
790 4635 942 4716 Francus,
965 4636 1018 4724 qui
1038 4635 1179 4724 primunr
1201 4636 1321 4702 amicus
1341 4655 1372 4702 et
1393 4654 1502 4725 postea

337 4763 473 4829 Aretino
490 4761 684 4829 adversarius
695 4759 754 4828 fuit
765 4761 1010 4851 Priapeiamque
1021 4758 1174 4843 ediderat,
1187 4758 1328 4849 patibulo
1340 4761 1388 4827 Pii
1400 4761 1503 4854 quinti
