3600 5682
351 623 390 708 38
521 639 564 686 DE
587 639 766 688 GOLDONIO
793 639 935 687 lTALlCAE
959 638 1079 687 SCAENAE
1102 636 1338 686 CORRECTORE.

392 779 431 847 In
453 778 544 848 Tarso
558 779 642 869 ipso,
659 802 732 870 quae
743 776 849 847 fabula
859 779 966 869 potius
977 779 1056 847 seria
1067 794 1341 870 veraquetractat,
1361 803 1377 843 a
1397 778 1517 846 ilcava-

349 905 427 973 liere
451 903 502 971 del
527 903 644 972 Fiocco
662 929 692 988 a,
714 921 910 994 spectatores
931 900 1127 972 exhilarandi
1146 903 1258 992 gratia,
1280 903 1418 970 nimium
1441 925 1519 994 conf

350 1031 454 1097 cinnae
469 1031 623 1106 orationis
638 1047 799 1098 amatores
814 1026 948 1114 deridet,
961 1052 996 1097 ac
1011 1029 1168 1118 praecipue
1182 1029 1238 1118 qui
1254 1027 1397 1096 Veneriis
1409 1055 1425 1094 a
1437 1027 1517 1112 Gra7

351 1152 472 1223 nelloni
487 1181 503 1220 >a
528 1156 726 1244 cognomine
749 1153 1005 1246 appellabantur,
1026 1153 1206 1246 quibusque
1225 1153 1519 1223 annumerabuntur

350 1279 446 1348 ambo
464 1280 575 1348 Gozzii
587 1293 609 1347 ¹.

395 1405 485 1490 Quid
504 1429 560 1475 sua
578 1423 672 1474 aetate
693 1405 863 1474 ridiculum
882 1427 918 1474 ac
935 1403 1027 1474 futile
1045 1403 1252 1475 admitterent
1272 1404 1386 1475 italicae
1410 1403 1518 1474 acade-

350 1530 435 1614 miae,
452 1531 579 1620 penitus
598 1546 733 1598 noverat
753 1528 952 1612 Goldonius,
968 1547 1190 1622 quantumque
1205 1552 1222 1597 a
1242 1530 1346 1599 doctis
1366 1531 1448 1598 sexti
1466 1528 1520 1598 de·

351 1655 426 1723 cimi
446 1654 552 1723 saeculi
572 1654 785 1723 conventibus
804 1653 1094 1745 degeneravissent.
1117 1654 1354 1745 Huiuscemodi
1373 1673 1520 1724 coetuum

351 1779 511 1868 singulare
528 1778 621 1847 nobis
637 1778 821 1869 exemplum
835 1779 928 1849 affert
942 1781 1077 1871 scriptor
1091 1781 1124 1849 in
1141 1779 1196 1849 illo
1219 1779 1520 1851 Commentariorum

351 1902 459 1986 loco²‚
476 1902 531 1972 ubi
544 1927 616 1994 quae
630 1903 802 1974 florentiae
815 1904 992 1994 agebantur
1006 1908 1039 1974 in
1056 1933 1072 1971 o
1090 1907 1310 1996 Apatistarum
1327 1932 1344 1971 u
1361 1904 1521 1975 academia

352 2048 470 2100 narrat.
489 2030 642 2098 Maetetur
661 2050 728 2099 tam
744 2029 881 2099 multam
898 2032 1019 2118 ingenii
1038 2032 1104 2098 vim
1123 2033 1192 2100 sine
1211 2032 1348 2100 utilitate
1369 2054 1438 2100 esse
1451 2054 1520 2121 per·

353 2154 454 2224 ditam
470 2155 508 2224 ab
522 2154 725 2239 hominibus,
735 2158 791 2246 qui
806 2155 1000 2241 doctrinam,
1017 2156 1118 2245 longo
1133 2156 1241 2226 labore
1257 2156 1437 2240 collectam,
1455 2176 1521 2226 tam

351 2280 501 2349 inanibus
523 2280 754 2371 quaestionibus
779 2280 941 2350 solvendis
965 2280 1169 2352 adhibebant.
1192 2280 1275 2350 Illud
1295 2301 1404 2351 autem
1424 2282 1522 2352 uber-

354 2406 470 2474 rimam
493 2407 662 2474 materiam
682 2407 809 2474 comico
826 2426 932 2496 poetae
949 2404 1125 2496 praebebat,
1147 2431 1205 2476 nec
1225 2427 1334 2477 tamen
1353 2410 1429 2476 satis
1453 2430 1522 2477 acre

354 2529 399 2598 illi
427 2532 596 2621 ingenium
615 2529 811 2621 'suppetebat
834 2550 888 2616 ut,
913 2556 985 2623 quae
1009 2532 1196 2622 corrigenda
1219 2530 1356 2620 videret,
1385 2535 1522 2602 omnino

355 2655 552 2727 emendaret.
574 2659 653 2726 Post
676 2684 692 2721 «
709 2657 871 2729 Ridiculus
893 2659 1119 2744 elegantiarum
1140 2660 1364 2728 consectatrices
1379 2671 1418 2723 »³
1442 2660 1522 2748 peri·

355 2783 463 2851 culose
485 2783 660 2872 aegrotabat
682 2781 734 2849 ille
758 2801 878 2864 coetus,
902 2783 957 2872 qui
983 2809 999 2846 (ι
1017 2782 1118 2850 Hdtel
1144 2782 1183 2850 de
1207 2783 1423 2853 Ramhouillet
1443 2810 1459 2848 a
1488 2785 1521 2851 in

356 2906 459 2976 Gallia
482 2907 615 2975 nomine
639 2924 794 2995 pernotus
815 2908 895 2988 fuit,
920 2930 1008 2991 cum,
1037 2908 1110 2975 licet
1136 2933 1152 2971 a
1170 2907 1340 2977 Fanuticus
1359 2919 1523 2998 poctaaa

357 3030 525 3100 Goldonio
547 3031 669 3099 derisus
692 3029 816 3115 fuisset,
837 3053 905 3099 non
927 3033 1035 3100 minus
1052 3032 1152 3100 Tusci
1174 3029 1344 3129 academici
1367 3031 1521 3115 valerent,

357 3157 512 3246 scriptore
531 3156 638 3246 potius
657 3156 847 3246 peculiarem
869 3174 1083 3248 prosequente
1107 3157 1270 3247 querelam
1294 3179 1393 3248 quam
1416 3158 1524 3246 patriae

358 3305 489 3372 operam
503 3299 685 3371 praestante,
702 3284 792 3370 cujus
807 3305 824 3350 a
839 3283 976 3372 posteris
991 3282 1147 3350 memoria
1162 3301 1350 3350 servaretur.

397 3596 419 3636 1.
442 3578 549 3642 Quibus
572 3576 705 3633 addendi:
726 3578 836 3642 Baretti,
858 3578 951 3632 Marco
976 3575 1130 3644 Forcellini,
1155 3576 1250 3632 Natale
1275 3575 1354 3632 Dalle
1373 3578 1461 3641 Laste,
1481 3576 1523 3631 De

358 3668 440 3732 Luca,
457 3668 591 3740 Giuseppe
610 3667 747 3733 Manzoni,
767 3667 902 3738 Giuseppe
921 3676 947 3720 et
966 3665 1081 3720 Daniele
1103 3666 1224 3732 Fatsetti,
1240 3666 1398 3721 Sebastiano
1418 3666 1523 3730 Crotta,

359 3755 445 3812 Paolo
460 3755 546 3823 Balbi,
561 3754 660 3810 Nicolo
675 3755 761 3823 Troo,
776 3773 806 3810 ac
823 3754 902 3808 multi
917 3754 971 3810 alii.
990 3756 1039 3810 His
1060 3775 1073 3806 o
1089 3753 1271 3810 Granelleschi
1288 3777 1301 3807 u
1324 3755 1404 3810 etiam
1424 3772 1524 3810 nomen

360 3857 426 3912 erat,
443 3863 458 3899 a
471 3846 554 3900 verbo
569 3845 641 3917 quod
655 3845 793 3900 honestius
807 3857 895 3900 tacere
908 3856 955 3900 est.

396 3969 420 4009 2.
443 3952 587 4019 Mimor'rcs,
602 3962 621 4009 t¹
638 3953 660 4018 I,
676 3969 701 4025 p¹
714 3967 775 4024 419.

400 4077 422 4130 3.
444 4059 489 4114 les
498 4061 633 4131 pricieuses
646 4059 771 4114 ridiculos.
