996 1552
215 211 235 227 62
301 215 323 227 DE
335 215 425 227 Gomomo
438 215 509 227 lumem
521 215 581 227 SCAENAE
593 215 710 227 CORRECTORE.

214 255 262 272 quam
273 249 352 270 fabellam,
362 256 370 266 α
380 250 447 267 minime
453 250 562 271 ambitiosam,
571 250 672 267 utilissimam
679 254 734 267 autem
742 250 795 267 homi-

214 280 260 298 nibus
267 280 379 303 imprudentiae
386 281 455 304 pericula
464 281 551 298 monendis
559 288 567 297 ³>
576 281 645 304 scriptor
652 281 732 304 praedicat.
744 288 752 297 α
762 281 795 298 Oc-

214 312 265 329 tavius
275 312 326 333 enim,
336 312 361 329 cui
371 318 401 329 nec
412 312 470 333 virtus,
480 318 532 335 neque
542 312 626 335 ingenium
637 312 690 333 deest,
700 312 795 329 inconsultis

213 343 264 360 verbis
272 343 357 366 alienoque
364 348 437 366 tempore
444 343 490 360 dictis
499 343 582 360 fortunam
589 343 646 366 perdit.
656 350 665 359 n
673 343 696 360 Ut
705 343 722 360 in
731 343 795 360 Molieri

215 374 284 391 varum
293 374 350 395 schola,
363 374 383 391 de
394 380 463 397 persona
474 375 533 397 agitur,
543 381 579 397 quae
590 380 635 392 casus
647 380 684 392 suos
697 374 722 391 alii
732 380 795 392 narrare

212 411 293 428 properat,
302 406 327 422 cui
335 406 404 423 maxima
412 412 448 423 cura
457 406 500 423 idem
508 406 571 423 tacendi
579 411 638 423 essent.
647 405 697 426 Quod
705 410 760 423 autern
768 411 795 423 ve-

213 437 238 453 nia
245 436 320 459 dignum,
328 436 368 453 dum
377 437 396 454 ab
404 436 505 454 adulescente
513 437 632 454 inconsiderato
639 436 664 458 fit,
673 436 747 458 offendit,
757 443 794 454 cum

212 473 221 484 a
231 468 314 485 sedatioris
325 468 374 485 animi
383 468 418 485 viro
426 468 476 488 venit,
486 474 535 491 quem
546 468 596 490 magis
608 468 678 485 cavenda
689 468 755 485 fortuna
767 468 794 485 de-

212 503 255 516 teret
261 503 277 516 et
285 499 312 522 qui
320 499 422 516 excusatione
430 499 478 516 simul
485 505 503 516 ac
511 499 619 516 misericordia
627 504 675 516 caret.

233 530 321 553 Prodigum
327 530 423 552 juvenilibus
430 530 476 547 annis
483 531 555 553 primum
563 531 673 553 compositum
678 530 737 547 iterum
745 530 793 553 scrip-

211 562 231 578 sit
239 561 338 582 Goldonius,
345 566 383 579 note
390 568 439 584 quam
449 567 486 579 eum
494 567 531 579 cum
542 562 599 579 ceteris
608 561 683 584 operibus
694 561 719 578 edi
726 561 791 579 sineret.

211 592 245 613 Qui
252 593 307 615 patriae
311 598 380 610 scaenam
385 593 496 615 corrigendam
504 593 605 615 suscepisset,
611 593 679 610 vitiosos
684 598 745 613 mores,
752 598 793 615 quos

212 623 250 640 olim
262 624 354 645 admiserat,
367 624 399 646 jam
411 630 445 641 non
456 624 509 641 ferens
519 623 589 647 factique
598 628 644 641 antea
658 624 766 646 poenitentem
776 630 793 640 se

211 654 300 676 confessus,
309 655 386 677 quidquid
396 654 449 675 bonis,
461 655 558 677 austerisque
567 655 625 675 immo,
633 660 681 677 grave
690 660 724 672 esse
731 659 791 677 posset,

211 691 237 703 aut
247 685 310 707 delevit,
321 691 349 703 aut
359 686 434 703 mutavit.
444 686 483 703 Non
491 686 544 703 crudae
551 686 606 708 igitur,
616 691 644 703 aut
652 691 695 703 acres
702 686 793 709 quaerendae

210 722 249 735 sunt
258 717 275 734 in
284 717 313 734 hac
324 717 376 734 fabula
386 717 470 739 imagines,
482 723 527 739 nam,
535 717 574 734 dum
588 724 596 733 α
606 717 678 734 honestis
690 718 752 740 piisque
763 717 792 734 ho-

210 748 281 765 minibus
292 755 300 764 n
313 748 374 771 placere
386 748 440 766 studet
451 749 526 771 scriptor,
538 748 640 771 languescere
654 748 738 771 paululum
752 754 792 765 vena

209 779 277 797 videtur.
286 780 397 797 Nihilominus
404 780 495 797 attentione
503 780 571 802 dignum
581 785 604 797 est
612 780 691 797 nonnulla
701 779 733 797 hoc
745 785 791 802 opus,

210 811 247 833 quia
255 816 307 828 unum
316 816 346 828 nos
356 817 375 828 ex
382 811 424 828 vitiis
434 811 488 832 docet,
497 817 533 834 quae
540 816 570 833 pro
580 815 631 833 parte,
639 816 656 828 ut
664 811 737 828 Venetiae
745 811 792 828 decli-

210 847 267 859 narent
278 842 295 859 in
307 842 358 864 pejus,
371 841 465 863 effecerunt,
478 847 581 864 quorumque
592 841 643 859 adhuc
653 841 719 859 effectus
728 847 792 859 cernere

210 877 240 890 est.
251 873 295 890 Cum
306 873 350 890 enim
359 873 433 890 videmus
444 872 507 895 palatiay
520 872 559 890 olim
570 879 579 890 a
590 873 658 890 summis
668 873 755 890 artificibus
766 879 792 890 ex-

209 908 276 925 structa,
286 904 303 921 in
314 909 394 927 cauponas
405 908 467 921 mutata
478 904 571 926 peregrinos
582 904 628 921 tectis
640 904 740 926 excipienda,
752 904 792 921 divi>

209 935 267 958 [iisque
273 934 352 952 famosam
360 935 416 953 urbem
427 935 444 952 in
454 935 561 957 municipium
568 935 650 957 quoddam
659 936 701 952 inter
710 935 760 952 multa
768 941 792 952 re-

208 966 278 987 dactam,
290 972 324 984 non
336 971 399 983 tantum
412 966 530 983 ineluctabilem
543 967 597 983 omnis
608 966 683 983 humanae
694 967 717 983 rei
730 971 791 984 sortem

208 997 291 1018 dolemus,
304 1003 361 1015 verum
376 998 424 1015 etiam
436 1003 485 1020 quam
497 997 606 1020 periculosum
618 998 638 1015 sit
650 997 729 1014 doeemur
740 997 791 1015 solida

208 1028 291 1046 damnosis
298 1028 412 1051 cupiditatibus
420 1034 481 1045 eruere

230 1060 271 1077 Rem
280 1059 328 1076 simul
337 1059 408 1082 prodigit
417 1059 525 1082 geldoni-anus
535 1059 589 1080 heros,
600 1060 637 1082 quia
648 1065 744 1082 generosus,
754 1060 791 1082 quia

207 1090 266 1107 fastum
279 1095 331 1112 amat,
343 1096 372 1107 nec
384 1091 421 1107 satis
434 1096 462 1108 sua
475 1091 541 1113 negotia
554 1095 605 1108 curat.
619 1090 663 1107 Illius
674 1091 791 1113 patrimonium

207 1126 308 1144 procurator,
320 1121 382 1138 domini
390 1121 447 1142 modo,
458 1122 500 1143 gerit
509 1122 575 1144 verique
583 1121 646 1144 patroni
658 1122 700 1144 jussa
712 1122 753 1138 servi
762 1121 791 1138 de—

207 1157 285 1174 tractant;
298 1152 402 1173 causidicum,
413 1153 440 1175 qui
453 1158 490 1169 eum
500 1153 544 1169 litem
555 1153 644 1170 obtinuisse
654 1153 725 1174 nuntiat,
737 1153 791 1175 magni

207 1184 253 1206 pretii
267 1184 315 1201 anulo
330 1183 389 1204 donat,
404 1189 453 1206 quem
467 1184 542 1205 domina,
558 1188 576 1201 ut
588 1184 706 1206 pretiosiorem,
718 1184 791 1206 accipere

227 1257 239 1266 ιΔ
250 1253 262 1267 11
267 1253 326 1271 prodiga*
