3600 5682
581 642 754 698 QUANTUM
779 643 824 690 Al)
848 645 948 690 Mortes
973 642 1153 690 PERTINET·
1409 641 1448 709 41

284 787 372 872 jussu
393 779 506 850 affixus
529 799 578 850 est
598 782 731 874 (1569).
750 782 980 852 Comoediam¹
1001 783 1166 871 scripserat
1186 783 1262 870 igne
1282 780 1452 850 damnatus

285 910 399 977 Romae
413 908 535 999 (1600)
548 908 708 995 Jordamrs
729 910 871 991 Brunus,
885 931 957 1000 quae
976 906 1161 998 philosophi
1182 909 1307 976 tristem
1328 910 1452 976 exitum

284 1057 352 1102 non
375 1033 498 1102 hercle!
524 1033 671 1104 tardavit.
693 1032 870 1102 Mediolani
894 1035 1062 1123 episcopus
1087 1033 1225 1102 Carolus
1245 1034 1451 1102 Borromaeus

281 1157 460 1227 fabularum
478 1182 647 1228 censuram
664 1157 824 1249 publicam
849 1159 1001 1243 instituit,
1021 1182 1099 1249 quas
1118 1181 1156 1226 ex
1177 1160 1354 1249 improviso
1373 1161 1451 1226 reci·

284 1303 363 1352 tatas
379 1284 527 1354 Flaminii
542 1285 641 1353 Scalae
657 1283 747 1353 ducis
761 1284 904 1353 comicus
917 1307 995 1373 grex
1008 1283 1133 1371 agebat.

327 1410 425 1478 Tunc
439 1430 548 1479 autem
563 1409 722 1500 prioribus
737 1411 822 1478 vitiis
838 1432 962 1478 novum
976 1408 1116 1491 additur,
1129 1411 1247 1479 scilicet
1261 1407 1451 1478 assimulatae

282 1535 409 1602 virtutis
429 1536 562 1625 species,
584 1558 647 1626 qua
666 1554 801 1616 servata,
822 1536 951 1602 secretis
968 1534 1153 1623 indulgetur
1171 1532 1355 1603 libidinibus
1377 1555 1449 1623 cap-

283 1659 429 1749 tiosaque
442 1678 632 1746 argumenta
653 1681 711 1749 pro
729 1660 933 1727 excusatione
951 1657 1130 1748 allegantur
1140 1685 1149 1742 ;
1167 1659 1211 1726 sic
1229 1657 1268 1726 ad
1289 1656 1451 1726 decimum

283 1803 436 1852 octavum
460 1783 614 1852 saeculum
636 1786 832 1874 pervenitur.
855 1785 934 1867 Quo
955 1803 1104 1874 tempore
1124 1782 1215 1851 Italia
1237 1781 1344 1865 effeta,
1368 1780 1452 1851 Galli

283 1909 456 1978 hominum
476 1929 602 1977 mentes
620 1909 736 1978 ducere
754 1911 812 1976 visi
831 1928 928 1977 sunt:
951 1909 1160 1977 Germaniam
1182 1931 1217 1975 ea
1238 1932 1318 1997 gens
1343 1931 1451 1998 exper-

283 2032 398 2121 gefacit
418 2034 691 2124 philosophorum
705 2033 879 2125 propulsu3
898 2037 931 2102 in
948 2036 1103 2124 Hispania
1117 2054 1148 2102 et
1165 2034 1341 2117 Britannia,
1358 2031 1451 2100 aliam

283 2159 369 2248 prius
384 2157 583 2248 disciplinam
599 2156 715 2241 doctis,
734 2182 828 2227 novae
847 2181 971 2227 normae
990 2157 1134 2226 studium
1154 2157 1262 2241 lovet3
1279 2158 1382 2225 immo
1398 2181 1450 2224 ve·

283 2306 378 2351 sanos
396 2280 604 2366 adversarios,
620 2302 656 2352 ut
675 2282 855 2366 Alfierium,
872 2282 910 2351 ad
931 2283 1109 2374 simplicem
1131 2281 1337 2372 elegantiam,
1353 2305 1449 2373 quarn

282 2409 350 2497 ipsa
365 2407 548 2496 profitetur,
560 2410 730 2476 convertit.
745 2407 907 2477 Gallicum
918 2408 1050 2496 quidem
1064 2409 1245 2496 ingenium,
1262 2406 1348 2497 quod
1367 2407 1451 2476 Car-

284 2533 382 2598 tesius
401 2530 480 2598 olim
500 2529 666 2614 finxerat²,
684 2532 810 2601 definiri
826 2555 920 2621 posse
935 2531 1073 2616 videtur,
1088 2551 1124 2600 ut
1140 2532 1315 2601 novissime
1331 2551 1361 2598 et
1378 2554 1449 2620 pro·

283 2659 349 2747 prie
364 2656 486 2725 dictum
503 2677 562 2741 est,
574 2659 745 2739 classicum,
759 2682 834 2726 cum
849 2660 1106 2747 germanicarum
1119 2659 1267 2746 gentium
1282 2660 1450 2726 romantico

282 2783 413 2871 ingenio
437 2783 623 2872 opponitur.
646 2783 732 2850 Tam
757 2784 890 2871 simplex
913 2805 1010 2872 quam
1033 2782 1065 2850 id
1090 2781 1270 2872 multiplex,
1296 2781 1451 2850 abstracta

284 2906 410 2976 volvere
423 2926 528 2990 amat;
546 2931 595 2976 res
609 2908 798 2997 generaliter
812 2908 1031 2993 considerare;
1049 2930 1122 2998 quae
1140 2906 1177 2976 ad
1193 2908 1361 2976 hominem
1378 2931 1451 2997 per-

283 3033 399 3114 tinent,
426 3050 589 3121 spectare3
618 3055 676 3100 nec
702 3034 798 3100 etiam
821 3031 981 3101 coloribus
1007 3034 1100 3102 variis
1123 3033 1302 3121 excogitata
1322 3030 1448 3116 induit;

283 3156 386 3225 soluta
407 3157 539 3225 tandem
561 3159 709 3226 oratione
730 3160 836 3248 potius
860 3160 973 3244 utitur,
999 3159 1204 3227 scientiarum
1226 3180 1322 3248 quam
1346 3159 1449 3248 poesis

283 3263 453 3350 amantius.

327 3405 390 3475 Sed
403 3404 482 3473 dum
498 3407 542 3473 sic
556 3408 844 3492 ratiocinabantur,
859 3408 1064 3498 languescere
1078 3406 1232 3498 paulatim
1250 3406 1449 3494 imaginandi

283 3530 341 3609 vis,
359 3531 410 3598 cui
426 3548 467 3597 -ut
488 3530 587 3598 robur
608 3521 731 3599 novum
751 3530 949 3617 redderetur,
968 3533 1138 3599 externise
1157 3530 1301 3599 fontibus
1321 3530 1448 3598 haurire

283 3653 539 3749 tentatumfuit.
568 3656 674 3722 Persae
697 3675 824 3738 tamen,
848 3675 902 3724 aut
927 3655 1078 3724 Sinenses
1103 3656 1152 3725 vel
1178 3657 1310 3736 Turcae,
1343 3678 1449 3744 quan-

283 3802 380 3869 quam
393 3781 426 3848 in
441 3803 580 3848 scaenam
594 3782 841 3871 protrahuntur,
852 3781 1124 3873 philosophantur
1138 3801 1169 3850 et
1183 3783 1256 3872 ipsi,
1270 3803 1345 3849 nam
1358 3778 1445 3869 quod

284 3905 435 3988 maxime,
458 3925 494 3972 ut
515 3903 653 3988 videtur,
675 3908 822 3987 interest,
844 3909 992 3996 proxima
1012 3925 1060 3975 est
1082 3905 1201 3974 utilitas
1225 3925 1449 3995 praeceptaque

282 4027 320 4096 ad
336 4028 488 4120 effectum
501 4028 696 4098 adducenda.
717 4031 940 4100 Praedicationi
957 4049 1083 4098 tantum
1100 4032 1217 4099 auxilio
1234 4030 1316 4099 fiunt
1334 4028 1448 4097 litterae

282 4153 468 4244 pulpitaque
488 4176 591 4223 rostra
610 4155 672 4223 late
691 4158 852 4238 sonantia,
868 4156 984 4245 quibus
998 4174 1029 4224 et
1044 4157 1248 4244 magistratus
1263 4175 1293 4224 et
1310 4177 1399 4244 reges
1408 4156 1445 4221 in

284 4277 452 4365 tragoedia,
468 4279 584 4366 vulgus
600 4282 633 4346 in
649 4280 810 4348 comoedia
824 4281 971 4350 docetur.

325 4526 346 4566 1.
369 4509 395 4564 Il
408 4510 545 4590 candelara.

319 4635 344 4674 2.
366 4617 452 4676 Vide:
469 4619 544 4686 Ersai
556 4636 601 4674 rur
615 4619 766 4692 l'crtbdta‘que
779 4620 809 4674 de
821 4598 959 4687 Dercarlci,
974 4620 1080 4676 etudiee
1099 4622 1165 4675 dans
1179 4620 1217 4676 les
1237 4631 1359 4692 rapports
1374 4619 1407 4674 de
1423 4620 1449 4674 la

283 4705 404 4762 doctrine
418 4709 582 4763 cartesienne
597 4726 661 4764 avec
676 4709 862 4764 la'littdrature
876 4710 1006 4782 classique
1021 4710 1150 4776 franceise
1160 4727 1193 4763 au
1203 4709 1388 4780 dix-septieme
1399 4711 1448 4764 sii-

284 4794 333 4851 cle.
353 4796 383 4850 E.
401 4795 508 4851 Kranrz.
527 4798 649 4864 Lutetiae,
669 4798 744 4852 1882.
