3588 5680
473 684 478 688 ·
522 658 823 705 GOLDONlANARUM
850 657 1053 706 Fusuennun
1080 658 1219 706 DlVlSIO.
1415 657 1454 724 7]

286 814 396 879 natur,
411 797 481 885 ipso
494 815 605 863 autem
618 797 652 864 in
668 819 765 885 opere
780 795 957 881 infirmiot3
976 795 1161 865 Goldonius
1177 815 1291 864 contra
1307 814 1456 862 naturam

284 922 444 1008 sequitur,
464 919 649 989 molliorem
671 919 803 1011 quidem
825 918 990 988 interdum
1011 939 1043 988 et
1067 920 1230 1002 detritam,
1247 921 1280 986 in
1303 922 1367 987 vita
1390 920 1458 1009 ipsa

285 1043 511 1132 fingendarum
529 1046 710 1130 imaginum
728 1046 862 1112 materie
880 1063 1009 1112 tantum
1024 1063 1164 1134 sumpta.
1182 1042 1353 1112 Generalia
1367 1044 1458 1132 prior

284 1166 424 1248 affectat,
443 1191 561 1256 genera
582 1170 716 1236 miscere
736 1191 772 1236 ac
797 1167 999 1236 conditiones
1023 1169 1186 1238 inlocum
1210 1166 1359 1236 indolum
1382 1166 1457 1234 sub-

284 1293 418 1359 stituere
441 1292 635 1375 intendens3
653 1292 849 1383 disceptator
871 1295 959 1361 enim
981 1317 1017 1361 ac
1042 1293 1165 1380 logicus
1189 1292 1365 1381 praesertim
1385 1308 1454 1372 est‘3

286 1415 484 1498 Goldonius,
503 1436 538 1485 ut
558 1418 728 1485 notissima
749 1417 877 1486 Molieri
897 1440 1046 1508 persona,
1067 1435 1097 1485 et
1114 1418 1239 1484 nescius
1257 1441 1273 1480 u
1289 1414 1456 1502 vulgarem

285 1539 508 1627 tragoediam»
535 1541 625 1622 colit,
646 1563 787 1630 cumque
806 1543 928 1609 circum
941 1565 975 1608 se
999 1566 1015 1605 u
1038 1543 1171 1632 injustas
1195 1561 1363 1621 novercas,
1377 1536 1455 1606 adu'·

285 1662 442 1730 lescentes
468 1663 587 1732 deliciis
612 1664 755 1747 solutos,
779 1687 959 1755 eorumque
982 1666 1067 1735 vitiis
1089 1662 1295 1752 indulgentes
1318 1685 1457 1752 praecep·

287 1805 374 1854 tores
393 1787 577 1869 viderit¹·›>,
599 1786 723 1856 diversa
743 1791 812 1858 haec
835 1791 946 1857 omnia
970 1789 1092 1879 colligit
1115 1789 1290 1878 scribitque
1312 1787 1454 1856 Patrem·

279 1913 458 1999 familiae,
474 1934 546 2001 quae
561 1911 665 1980 fabula
681 1910 825 1999 ejusdem
840 1912 925 1980 tituli
947 1912 1095 1980 Didetoti
1119 1913 1235 1980 setiam
1259 1908 1455 1979 comoediam

284 2054 363 2109 ¹octo
377 2035 471 2101 annis
486 2036 656 2102 antecessit
667 2047 690 2102 ³.

330 2157 444 2224 Unum
460 2157 674 2226 nihilominus
689 2157 855 2226 interduo
870 2181 966 2248 opera
982 2180 1158 2225 commune
1172 2158 1327 2239 invenies,
1338 2157 1456 2224 scilicet

288 2278 475 2348 domesticae
493 2282 568 2349 vitae
586 2300 721 2348 eventus
738 2284 822 2349 serio
843 2301 995 2350 tractatos
1009 2282 1173 2371 animique
1187 2279 1319 2348 affectus
1334 2280 1456 2366 vulgari

285 2406 414 2472 actione
439 2406 607 2474 excitatos.
635 2406 793 2474 Ceterum
815 2406 1013 2495 goldoniana
1035 2404 1140 2474 fabula
1164 2407 1345 2488 mentione,
1371 2405 1456 2472 tituli

286 2547 415 2596 tantum
431 2553 537 2620 causa,
549 2530 646 2617 digna
661 2545 726 2598 est:
740 2532 859 2618 insigni
869 2532 957 2598 enim
972 2529 1188 2598 imbecillitate
1199 2531 1283 2596 viam
1299 2545 1457 2598 tentatam

285 2672 413 2721 secutus
435 2652 496 2721 fuit
518 2653 643 2722 italicus
666 2674 775 2743 poeta,
798 2654 840 2722 ob
865 2655 1060 2722 modestiam
1083 2676 1159 2721 vero
1184 2652 1376 2737 laudandus,
1401 2655 1457 2742 qui

283 2776 428 2866 primum
447 2777 579 2845 titulum
601 2777 761 2846 electum:
781 2805 797 2842 r
815 2780 948 2846 Petrum
964 2777 1117 2846 Scholam
1132 2802 1148 2840 n
1166 2778 1351 2854 mutaverit,
1368 2776 1456 2866 quod

289 2923 527 2968 «summorum
552 2903 784 2990 magistrorum
805 2922 933 2972 tantum
948 2920 1009 2986 est,
1027 2920 1063 2971 ut
1082 2900 1115 2969 in
1138 2901 1379 2972 Commentariis
1397 2903 1454 2983 ait,

285 3022 359 3091 talia
375 3024 565 3112 exemplaria
581 3025 752 3094 ostendere
771 3054 801 3095 n.

284 3323 287 3330 1
329 3244 378 3311 Eo
393 3247 564 3335 praecipue,
581 3267 615 3315 ut
631 3246 768 3330 videtur,
784 3248 824 3317 ad
842 3272 962 3317 novam
982 3247 1183 3338 disciplinam
1198 3248 1237 3315 de
1255 3245 1375 3335 plebeia
1392 3264 1454 3313 tra-

283 3367 391 3455 goedia
413 3369 610 3458 sequendam
630 3370 786 3459 impulsus
811 3392 857 3439 est
881 3371 1078 3452 Goldonius,
1099 3370 1189 3462 quod
1212 3370 1307 3459 hujus
1325 3371 1454 3458 generis

283 3491 424 3558 fautores
433 3491 492 3559 sibi
507 3493 716 3580 corrigendos
731 3517 838 3563 mores
852 3518 1019 3562 summum
1035 3518 1117 3583 opus
1128 3493 1367 3584 proponebant,
1381 3516 1454 3582 quae

282 3635 333 3679 res
356 3615 436 3681 mire
458 3638 534 3681 cum
558 3617 689 3704 proprio
709 3617 813 3685 nostri
832 3618 969 3686 consilio
992 3616 1200 3706 congruebat.
1226 3616 1276 3683 De
1296 3638 1363 3705 quo
1384 3639 1453 3684 non

283 3739 346 3820 jam
361 3735 531 3820 dubitabit,
550 3740 606 3829 qui
626 3739 791 3808 Tutorem⁴
810 3745 942 3831 ejusque
958 3740 1072 3808 fabulae
1092 3741 1290 3830 prooemium
1312 3738 1424 3827 legerit
1443 3763 1449 3805 :

332 3887 347 3923 n
364 3861 550 3930 Hominum
561 3864 672 3952 opinio
683 3882 762 3946 erat,
774 3866 815 3932 ait
826 3863 1023 3946 Goldonius,
1037 3884 1180 3933 tutorem
1195 3886 1306 3931 meum
1316 3864 1452 3933 infidum

220 4040 224 4050 .
283 3983 363 4066 lore,
388 3986 585 4088 pupillorum
606 4009 673 4054 rem
694 3988 908 4078 direpturum,
931 3987 1128 4080 tandemque
1146 3987 1337 4076 castigatum
1357 3988 1406 4056 iri.
1432 4014 1448 4050 r>

283 4106 398 4196 Longe
421 4127 530 4176 autem
545 4109 604 4177 alia
623 4110 786 4200 scriptoris
804 4112 944 4180 intentio
970 4130 1048 4180 etat.
1076 4111 1161 4180 Mala
1184 4110 1341 4200 exempla,
1366 4133 1452 4200 quae-

282 4252 421 4320 cumque
436 4233 601 4300 conclusio
618 4235 691 4314 etit,
707 4253 924 4324 spectatorum
941 4234 1041 4304 oculis
1057 4259 1225 4327 nunquam
1240 4233 1452 4325 proponenda

322 4496 344 4535 1.
366 4480 512 4545 Mlmoircs,
528 4482 564 4548 Il,
582 4497 642 4537 101.

318 4592 342 4631 2.
364 4578 390 4631 Il
397 4577 478 4648 padre
492 4580 520 4632 di
527 4579 663 4650 samiglt'a.

320 4689 343 4742 3.
364 4675 391 4728 Il
400 4675 481 4747 padre
496 4677 524 4730 di
533 4675 659 4750 samiglia
674 4680 786 4750 (175o);
802 4681 837 4734 Le
847 4682 906 4752 pire
919 4681 948 4734 dc
956 4680 1060 4752 sumille
1072 4679 1176 4752 (1758).

316 4786 343 4837 4.
366 4772 497 4828 illatore.
