3588 5680
433 671 510 726 QUAE
533 671 609 720 SINT
633 673 812 722 PRAEClPUAE
836 675 1068 724 GOLDONIANAE
1092 677 1263 725 PERSONAE·
1392 661 1431 746 85

271 811 367 878 etiam
382 830 495 878 natura
509 812 591 900 pigri
605 830 706 895 erant,
724 835 783 880 nec
797 813 851 883 ubi
866 835 1040 901 mererent,
1052 815 1214 886 videbant.
1228 818 1297 899 Qui
1309 817 1435 886 Sanctae

272 933 362 1002 Sedis
380 936 413 1001 in
430 937 602 1024 provinciis
616 937 778 1019 vivebant,
794 939 827 1006 in
842 939 942 1008 cleros
962 942 1110 1029 cooptari
1128 941 1242 1008 saltem
1262 959 1433 1029 poterant3

272 1058 429 1126 desidiose
453 1061 699 1148 languescebant
722 1063 830 1143 ceteri,
854 1087 995 1152 quorum
1018 1066 1200 1154 paucissimi
1221 1064 1436 1133 sollicitudine

273 1182 499 1268 credebantur,
518 1204 555 1252 ut
574 1184 741 1265 Allienus,
761 1186 902 1277 plerique
920 1205 1028 1255 autem
1046 1190 1114 1255 sine
1129 1213 1204 1256 cura
1219 1187 1437 1256 obdormisce·

273 1307 1435 1401 bant.Validioreanimopraediti,autquilortunamaucuparitentabant,

273 1432 380 1500 solum
392 1433 560 1501 vertebant
573 1453 605 1501 et
620 1433 703 1523 apud
722 1455 868 1504 externas
884 1455 999 1524 gentes
1018 1435 1168 1504 nonnulli
1188 1437 1281 1504 rebus
1299 1436 1434 1526 publicis

273 1578 442 1648 praeerant,
454 1558 561 1649 quales
575 1557 655 1627 olim
669 1559 852 1628 Concinius
866 1579 899 1628 et
910 1561 1091 1628 Mazarinus
1101 1579 1155 1628 aut
1166 1563 1344 1629 recentiore
1356 1580 1440 1628 tem·

274 1703 353 1770 pore
367 1680 558 1749 Alberonius
566 1709 576 1767 ;
590 1681 641 1749 alii
658 1705 772 1769 regum
787 1683 933 1751 cubiculo
947 1685 1231 1774 praeponebantur,
1243 1684 1329 1752 velut
1341 1683 1439 1773 Alga-

276 1807 410 1886 rottius,
434 1825 490 1874 aut
512 1829 562 1873 res
581 1826 717 1874 secretas
739 1807 997 1895 speculabantur,
1022 1827 1058 1876 ut
1082 1809 1288 1876 Casanovam
1311 1826 1439 1877 tanturn

274 1952 478 2011 memorem3
504 1929 571 2012 his,
594 1951 729 2019 urgente
753 1930 832 1998 dura
854 1933 1060 2015 necessitate,
1086 1930 1216 2000 fortuna
1243 1931 1440 1999 vincendum

277 2074 356 2136 erat,
376 2074 431 2122 aut
446 2053 528 2122 fame
547 2055 760 2144 pereundum.
787 2056 897 2124 Ceteri
920 2076 1049 2139 autem,
1074 2057 1190 2145 quibus
1210 2079 1260 2123 res
1280 2055 1440 2126 familiaris

276 2202 345 2245 non
373 2179 511 2246 omnino
539 2178 660 2263 deerat,
689 2181 857 2270 victusque
880 2179 1079 2270 suppetebat,
1106 2179 1157 2247 vel
1180 2179 1362 2263 mediocris,
1387 2180 1441 2248 sed

278 2321 396 2383 certus,
412 2301 535 2390 placido
551 2304 660 2370 animo
675 2303 709 2370 in
726 2304 937 2394 municipiolo
953 2303 1131 2372 suosedem
1141 2303 1317 2392 ponebant,
1330 2303 1441 2393 perdiu

278 2426 492 2510 dormientes,
517 2424 665 2516 religiose
685 2427 848 2517 doctoque
870 2427 975 2516 palato
998 2428 1142 2509 edentes,
1165 2427 1281 2496 liberos
1304 2428 1443 2519 denique

279 2552 498 2640 suscipientes,
514 2553 570 2640 qui
585 2571 692 2640 patres
704 2553 860 2620 imitaturi
875 2570 978 2620 erant.
996 2553 1113 2620 Sinon
1129 2555 1266 2620 omnino
1281 2553 1354 2620 illos
1367 2553 1444 2621 defi-

279 2673 381 2744 ciebat
401 2675 601 2758 intellectus,
628 2679 710 2744 circa
730 2678 930 2744 tricesimum
952 2699 1075 2764 annum
1096 2677 1129 2744 in
1145 2675 1319 2766 quamdam
1333 2700 1444 2765 aggre-

279 2800 436 2888 gabantur
457 2799 677 2886 Academiam,
699 2820 735 2869 ut
754 2800 793 2868 de
815 2802 910 2888 nugis
930 2802 1012 2868 serio
1034 2813 1131 2890 atque
1153 2800 1313 2868 subtiliter
1332 2800 1445 2889 dispu-

280 2943 398 2992 tarent.
462 2951 464 2956 ’

323 3051 383 3116 His
398 3048 519 3118 ultimis
541 3069 666 3117 constat
688 3049 767 3117 alter
785 3051 942 3137 juvenum
962 3048 1056 3133 ordo,
1078 3073 1177 3139 quem
1192 3051 1224 3117 in
1239 3047 1444 3138 goldonianis

279 3174 448 3243 comoediis
462 3175 598 3262 reperire
612 3193 671 3241 est.
685 3176 813 3241 Priores
824 3175 1015 3265 plerumque
1032 3201 1048 3238 ι(
1061 3173 1232 3242 Florindus
1246 3200 1262 3237 »
1274 3195 1327 3242 aut
1346 3201 1361 3239 κ
1376 3175 1446 3243 Fla·

277 3300 397 3366 minius
416 3301 582 3366 »nomine
601 3297 810 3388 appellantur,
828 3300 922 3366 ceteri
944 3326 960 3363 ι(
979 3300 1140 3368 Laelius».
1160 3300 1305 3366 Uxorem
1328 3299 1443 3366 Laelius

278 3424 449 3511 saepissime
466 3422 571 3508 habet,
588 3425 657 3490 sine
671 3446 781 3490 amore
796 3421 939 3506 ductam,
959 3445 1090 3513 raraque
1112 3443 1159 3490 est
1179 3425 1264 3490 inter
1286 3425 1443 3510 conjuges

281 3546 452 3613 concordia
460 3572 471 3630 ;
494 3548 613 3636 itaque,
634 3546 720 3613 taedii
742 3545 867 3613 levandi
891 3570 1001 3627 causa,
1025 3565 1080 3614 aut
1106 3545 1318 3613 ancillariolus
1342 3545 1445 3614 homo

281 3669 330 3753 fit,
346 3689 400 3738 aut
417 3670 540 3739 nobiles
554 3690 639 3737 amat
654 3690 832 3754 matronas,
845 3669 959 3759 quibus
977 3689 1012 3737 ut
1034 3697 1049 3734 ιι
1061 3671 1198 3737 cicisbeo
1211 3697 1227 3733 n
1243 3671 1357 3752 servit,
1375 3693 1446 3736 sen-

281 3793 366 3862 sibus
390 3796 477 3862 enim
500 3818 600 3862 servae
613 3793 751 3884 placent,
767 3795 947 3882 gloriosum
962 3793 1122 3861 delectant
1136 3793 1275 3861 illustres
1296 3793 1445 3878 feminae3

281 3919 438 4007 zelotypia
459 3938 568 3987 autem
593 3938 677 3986 caret
701 3919 868 4008 modoque
886 3942 944 3986 suo
963 3919 1124 3986 consolari
1143 3941 1176 3985 se
1195 3941 1330 3985 uxorem
1355 3919 1444 3986 sinit.

283 4043 374 4132 Saepe
400 4044 496 4110 etiam
526 4042 600 4110 aleis
627 4042 789 4131 indulget,
820 4041 957 4109 modum
987 4062 1096 4109 tamen
1127 4065 1197 4108 raro
1229 4042 1385 4110 excedens
1413 4065 1448 4109 ac

284 4167 474 4257 plerumque
498 4167 632 4257 publicis
656 4166 796 4234 sortibus
825 4185 1020 4249 contentus;
1045 4166 1151 4255 itaque
1179 4165 1325 4234 credulus
1350 4189 1449 4232 anum

284 4291 456 4381 quamdam
471 4312 594 4359 secreto
611 4290 797 4359 consultum
812 4290 869 4358 ibit
880 4303 902 4373 ¹,
919 4290 971 4357 cui
991 4291 1223 4379 conjectatricis
1240 4290 1324 4358 fama
1339 4309 1399 4372 est,
1414 4291 1448 4357 in

283 4417 470 4483 sortitiones
495 4433 604 4483 mente
633 4414 751 4498 defixa,
779 4439 838 4483 nec
867 4417 1042 4506 quicquam
1070 4416 1211 4503 cogitare
1237 4413 1321 4482 aliud
1350 4413 1446 4484 valet.

283 4541 391 4608 AEtate
405 4544 470 4631 jam
484 4540 676 4621 declinante,
694 4542 719 4608 si
735 4540 849 4608 viduus
866 4539 915 4624 fit,
932 4563 1032 4607 novas
1048 4539 1210 4606 contrahit
1222 4540 1363 4627 nuptias,
1373 4562 1450 4606 nam

324 4826 347 4866 1.
363 4809 399 4862 La
412 4808 492 4861 donne
504 4807 590 4879 pelosa.
