<?xml version="1.0" encoding="UTF-8"?>
<!DOCTYPE html PUBLIC "-//W3C//DTD XHTML 1.0 Transitional//EN"
    "http://www.w3.org/TR/xhtml1/DTD/xhtml1-transitional.dtd">
<html xmlns="http://www.w3.org/1999/xhtml" xml:lang="en" lang="en">
 <head>
  <title>
</title>
<meta http-equiv="Content-Type" content="text/html;charset=utf-8" />
  <meta name='ocr-system' content='tesseract 3.04.00' />
  <meta name='ocr-capabilities' content='ocr_page ocr_carea ocr_par ocr_line ocrx_word'/>
</head>
<body>
  <div class='ocr_page' id='page_1' title='image "./degoldonioitali00rabagoog_0094.png"; bbox 0 0 3588 5680; ppageno 0'>
   <div class='ocr_carea' id='block_1_1' title="bbox 424 641 1429 708">
    <p class='ocr_par' dir='ltr' id='par_1_1' title="bbox 424 641 1429 708">
     <span class='ocr_line' id='line_1_1' title="bbox 424 641 1429 708; baseline 0.002 -19"><span class='ocrx_word' id='word_1_1' title='bbox 424 644 502 702; x_wconf 83' lang='lat' dir='ltr'><strong>QUAE</strong></span> <span class='ocrx_word' id='word_1_2' title='bbox 527 642 604 689; x_wconf 85' lang='lat' dir='ltr'>SINT</span> <span class='ocrx_word' id='word_1_3' title='bbox 630 642 811 689; x_wconf 80' lang='lat' dir='ltr'>PRAECIPUAE</span> <span class='ocrx_word' id='word_1_4' title='bbox 835 641 1068 688; x_wconf 81' lang='lat' dir='ltr'>GOLDONIANAE</span> <span class='ocrx_word' id='word_1_5' title='bbox 1093 641 1263 690; x_wconf 83' lang='lat' dir='ltr'><strong>PERSONAE.</strong></span> <span class='ocrx_word' id='word_1_6' title='bbox 1388 643 1429 708; x_wconf 82' lang='lat'><strong>79</strong></span> 
     </span>
    </p>
   </div>
   <div class='ocr_carea' id='block_1_2' title="bbox 260 778 1431 1096">
    <p class='ocr_par' dir='ltr' id='par_1_2' title="bbox 260 778 1431 1096">
     <span class='ocr_line' id='line_1_2' title="bbox 260 778 1431 870; baseline -0.002 -23"><span class='ocrx_word' id='word_1_7' title='bbox 260 783 559 870; x_wconf 85' lang='lat' dir='ltr'><strong>controversiasque</strong></span> <span class='ocrx_word' id='word_1_8' title='bbox 590 779 756 847; x_wconf 90' lang='lat' dir='ltr'><strong>sedantem</strong></span> <span class='ocrx_word' id='word_1_9' title='bbox 772 791 794 847; x_wconf 85' lang='lat'><strong>¹.</strong></span> <span class='ocrx_word' id='word_1_10' title='bbox 828 780 1079 868; x_wconf 88' lang='lat' dir='ltr'><strong>Nonnunquam</strong></span> <span class='ocrx_word' id='word_1_11' title='bbox 1110 796 1220 846; x_wconf 91' lang='lat' dir='ltr'><strong>tamen</strong></span> <span class='ocrx_word' id='word_1_12' title='bbox 1253 778 1431 848; x_wconf 89' lang='lat' dir='ltr'><strong>dissolutus</strong></span> 
     </span>
     <span class='ocr_line' id='line_1_3' title="bbox 260 901 1428 994; baseline 0 -24"><span class='ocrx_word' id='word_1_13' title='bbox 260 928 356 971; x_wconf 86' lang='lat' dir='ltr'><strong>senex</strong></span> <span class='ocrx_word' id='word_1_14' title='bbox 375 904 589 986; x_wconf 88' lang='lat' dir='ltr'><strong>ostenditur²,</strong></span> <span class='ocrx_word' id='word_1_15' title='bbox 610 920 901 994; x_wconf 86' lang='lat' dir='ltr'><strong>contemptumque</strong></span> <span class='ocrx_word' id='word_1_16' title='bbox 919 901 974 969; x_wconf 90' lang='lat' dir='ltr'><strong>sed</strong></span> <span class='ocrx_word' id='word_1_17' title='bbox 991 902 1195 971; x_wconf 90' lang='lat' dir='ltr'><strong>fructuosum</strong></span> <span class='ocrx_word' id='word_1_18' title='bbox 1213 901 1428 970; x_wconf 86' lang='lat' dir='ltr'><strong>meretriculis</strong></span> 
     </span>
     <span class='ocr_line' id='line_1_4' title="bbox 261 1027 448 1096; baseline 0.016 -3"><span class='ocrx_word' id='word_1_19' title='bbox 261 1027 448 1096; x_wconf 87' lang='lat' dir='ltr'><strong>ludibrium.</strong></span> 
     </span>
    </p>
   </div>
   <div class='ocr_carea' id='block_1_3' title="bbox 614 1309 1076 1400">
    <p class='ocr_par' dir='ltr' id='par_1_3' title="bbox 614 1309 1076 1400">
     <span class='ocr_line' id='line_1_5' title="bbox 614 1309 1076 1400; baseline -0.004 -24"><span class='ocrx_word' id='word_1_20' title='bbox 614 1309 632 1400; x_wconf 83' lang='lat'>§</span> <span class='ocrx_word' id='word_1_21' title='bbox 650 1331 678 1380; x_wconf 91' lang='lat'><strong>1.</strong></span> <span class='ocrx_word' id='word_1_22' title='bbox 695 1349 739 1358; x_wconf 88' lang='lat'>-</span> <span class='ocrx_word' id='word_1_23' title='bbox 753 1309 803 1376; x_wconf 84' lang='lat' dir='ltr'><strong>De</strong></span> <span class='ocrx_word' id='word_1_24' title='bbox 821 1311 903 1391; x_wconf 85' lang='lat' dir='ltr'><strong>juris</strong></span> <span class='ocrx_word' id='word_1_25' title='bbox 921 1309 1076 1376; x_wconf 81' lang='lat' dir='ltr'><strong>consultis.</strong></span> 
     </span>
    </p>
   </div>
   <div class='ocr_carea' id='block_1_4' title="bbox 259 1553 1433 2627">
    <p class='ocr_par' dir='ltr' id='par_1_4' title="bbox 259 1553 1433 2627">
     <span class='ocr_line' id='line_1_6' title="bbox 304 1553 1430 1643; baseline 0.003 -22"><span class='ocrx_word' id='word_1_26' title='bbox 304 1556 416 1637; x_wconf 90' lang='lat' dir='ltr'><strong>Quem</strong></span> <span class='ocrx_word' id='word_1_27' title='bbox 433 1575 547 1623; x_wconf 90' lang='lat' dir='ltr'><strong>contra</strong></span> <span class='ocrx_word' id='word_1_28' title='bbox 570 1554 771 1622; x_wconf 82' lang='lat' dir='ltr'><strong>«doctorem</strong></span> <span class='ocrx_word' id='word_1_29' title='bbox 789 1580 805 1618; x_wconf 78' lang='lat' dir='ltr'><strong>a</strong></span> <span class='ocrx_word' id='word_1_30' title='bbox 826 1571 957 1634; x_wconf 89' lang='lat' dir='ltr'><strong>vocant,</strong></span> <span class='ocrx_word' id='word_1_31' title='bbox 973 1556 1145 1643; x_wconf 86' lang='lat' dir='ltr'><strong>antiquum</strong></span> <span class='ocrx_word' id='word_1_32' title='bbox 1162 1577 1288 1622; x_wconf 92' lang='lat' dir='ltr'><strong>morem</strong></span> <span class='ocrx_word' id='word_1_33' title='bbox 1305 1553 1430 1624; x_wconf 90' lang='lat' dir='ltr'><strong>fidelius</strong></span> 
     </span>
     <span class='ocr_line' id='line_1_7' title="bbox 259 1677 1431 1767; baseline 0.003 -22"><span class='ocrx_word' id='word_1_34' title='bbox 259 1697 375 1746; x_wconf 87' lang='lat' dir='ltr'><strong>servat.</strong></span> <span class='ocrx_word' id='word_1_35' title='bbox 393 1679 518 1746; x_wconf 87' lang='lat' dir='ltr'><strong>Avarus</strong></span> <span class='ocrx_word' id='word_1_36' title='bbox 534 1681 622 1746; x_wconf 91' lang='lat' dir='ltr'><strong>enim</strong></span> <span class='ocrx_word' id='word_1_37' title='bbox 642 1701 691 1745; x_wconf 90' lang='lat' dir='ltr'><strong>res</strong></span> <span class='ocrx_word' id='word_1_38' title='bbox 714 1677 856 1745; x_wconf 89' lang='lat' dir='ltr'><strong>turbidas</strong></span> <span class='ocrx_word' id='word_1_39' title='bbox 877 1678 1067 1766; x_wconf 89' lang='lat' dir='ltr'><strong>peritissime</strong></span> <span class='ocrx_word' id='word_1_40' title='bbox 1083 1680 1218 1767; x_wconf 86' lang='lat' dir='ltr'><strong>quaestui</strong></span> <span class='ocrx_word' id='word_1_41' title='bbox 1239 1679 1299 1747; x_wconf 90' lang='lat' dir='ltr'><strong>sibi</strong></span> <span class='ocrx_word' id='word_1_42' title='bbox 1319 1682 1431 1762; x_wconf 92' lang='lat' dir='ltr'><strong>vertit,</strong></span> 
     </span>
     <span class='ocr_line' id='line_1_8' title="bbox 260 1800 1429 1893; baseline 0.003 -25"><span class='ocrx_word' id='word_1_43' title='bbox 260 1801 395 1891; x_wconf 89' lang='lat' dir='ltr'><strong>litesque</strong></span> <span class='ocrx_word' id='word_1_44' title='bbox 410 1801 455 1868; x_wconf 91' lang='lat' dir='ltr'><strong>illi</strong></span> <span class='ocrx_word' id='word_1_45' title='bbox 468 1802 551 1868; x_wconf 89' lang='lat' dir='ltr'><strong>fiunt</strong></span> <span class='ocrx_word' id='word_1_46' title='bbox 566 1826 650 1870; x_wconf 87' lang='lat' dir='ltr'><strong>verae</strong></span> <span class='ocrx_word' id='word_1_47' title='bbox 659 1803 892 1891; x_wconf 89' lang='lat' dir='ltr'><strong>possessiones,</strong></span> <span class='ocrx_word' id='word_1_48' title='bbox 903 1803 1060 1890; x_wconf 87' lang='lat' dir='ltr'><strong>praetoriis</strong></span> <span class='ocrx_word' id='word_1_49' title='bbox 1070 1800 1248 1869; x_wconf 89' lang='lat' dir='ltr'><strong>interdictis</strong></span> <span class='ocrx_word' id='word_1_50' title='bbox 1259 1822 1429 1893; x_wconf 85' lang='lat' dir='ltr'><strong>protectae.</strong></span> 
     </span>
     <span class='ocr_line' id='line_1_9' title="bbox 261 1924 1429 2015; baseline 0.004 -26"><span class='ocrx_word' id='word_1_51' title='bbox 261 1924 350 1990; x_wconf 88' lang='lat' dir='ltr'><strong>Talis</strong></span> <span class='ocrx_word' id='word_1_52' title='bbox 364 1942 412 1992; x_wconf 92' lang='lat' dir='ltr'><strong>est</strong></span> <span class='ocrx_word' id='word_1_53' title='bbox 426 1924 542 1993; x_wconf 89' lang='lat' dir='ltr'><strong>doctor</strong></span> <span class='ocrx_word' id='word_1_54' title='bbox 559 1953 575 1990; x_wconf 79' lang='lat' dir='ltr'><strong>a</strong></span> <span class='ocrx_word' id='word_1_55' title='bbox 594 1927 811 1992; x_wconf 81' lang='lat' dir='ltr'><strong>Buonatesta³</strong></span> <span class='ocrx_word' id='word_1_56' title='bbox 828 1951 861 2006; x_wconf 88' lang='lat'><strong>»,</strong></span> <span class='ocrx_word' id='word_1_57' title='bbox 879 1925 935 2015; x_wconf 91' lang='lat' dir='ltr'><strong>qui</strong></span> <span class='ocrx_word' id='word_1_58' title='bbox 951 1925 1076 1991; x_wconf 86' lang='lat' dir='ltr'><strong>miserae</strong></span> <span class='ocrx_word' id='word_1_59' title='bbox 1090 1925 1257 2012; x_wconf 82' lang='lat' dir='ltr'><strong>cujusdam</strong></span> <span class='ocrx_word' id='word_1_60' title='bbox 1272 1925 1429 2010; x_wconf 92' lang='lat' dir='ltr'><strong>mulieris,</strong></span> 
     </span>
     <span class='ocr_line' id='line_1_10' title="bbox 260 2046 1429 2138; baseline 0.003 -25"><span class='ocrx_word' id='word_1_61' title='bbox 260 2047 376 2135; x_wconf 91' lang='lat' dir='ltr'><strong>opibus</strong></span> <span class='ocrx_word' id='word_1_62' title='bbox 394 2050 523 2128; x_wconf 91' lang='lat' dir='ltr'><strong>eversis,</strong></span> <span class='ocrx_word' id='word_1_63' title='bbox 540 2048 711 2116; x_wconf 83' lang='lat' dir='ltr'><strong>exsulantis</strong></span> <span class='ocrx_word' id='word_1_64' title='bbox 726 2051 795 2138; x_wconf 79' lang='lat' dir='ltr'><strong>jura</strong></span> <span class='ocrx_word' id='word_1_65' title='bbox 809 2071 886 2115; x_wconf 89' lang='lat' dir='ltr'><strong>cum</strong></span> <span class='ocrx_word' id='word_1_66' title='bbox 905 2046 1074 2115; x_wconf 89' lang='lat' dir='ltr'><strong>defendere</strong></span> <span class='ocrx_word' id='word_1_67' title='bbox 1092 2049 1292 2136; x_wconf 88' lang='lat' dir='ltr'><strong>promiserit,</strong></span> <span class='ocrx_word' id='word_1_68' title='bbox 1308 2072 1429 2116; x_wconf 90' lang='lat' dir='ltr'><strong>unum·</strong></span> 
     </span>
     <span class='ocr_line' id='line_1_11' title="bbox 262 2171 1430 2262; baseline 0.003 -26"><span class='ocrx_word' id='word_1_69' title='bbox 262 2194 423 2261; x_wconf 91' lang='lat' dir='ltr'><strong>quemque</strong></span> <span class='ocrx_word' id='word_1_70' title='bbox 447 2195 562 2253; x_wconf 84' lang='lat' dir='ltr'><strong>assem,</strong></span> <span class='ocrx_word' id='word_1_71' title='bbox 588 2195 686 2262; x_wconf 91' lang='lat' dir='ltr'><strong>quem</strong></span> <span class='ocrx_word' id='word_1_72' title='bbox 712 2171 765 2238; x_wconf 88' lang='lat' dir='ltr'><strong>illa</strong></span> <span class='ocrx_word' id='word_1_73' title='bbox 792 2171 831 2239; x_wconf 88' lang='lat' dir='ltr'><strong>ab</strong></span> <span class='ocrx_word' id='word_1_74' title='bbox 855 2171 978 2253; x_wconf 89' lang='lat' dir='ltr'><strong>amicis,</strong></span> <span class='ocrx_word' id='word_1_75' title='bbox 1012 2172 1229 2238; x_wconf 85' lang='lat' dir='ltr'><strong>misericordia</strong></span> <span class='ocrx_word' id='word_1_76' title='bbox 1258 2174 1430 2259; x_wconf 92' lang='lat' dir='ltr'><strong>permotis,</strong></span> 
     </span>
     <span class='ocr_line' id='line_1_12' title="bbox 261 2294 1432 2388; baseline 0.003 -28"><span class='ocrx_word' id='word_1_77' title='bbox 261 2296 430 2382; x_wconf 89' lang='lat' dir='ltr'><strong>acceperit,</strong></span> <span class='ocrx_word' id='word_1_78' title='bbox 456 2296 536 2385; x_wconf 86' lang='lat' dir='ltr'><strong>rapit</strong></span> <span class='ocrx_word' id='word_1_79' title='bbox 557 2312 589 2361; x_wconf 94' lang='lat' dir='ltr'><strong>et</strong></span> <span class='ocrx_word' id='word_1_80' title='bbox 611 2294 650 2362; x_wconf 87' lang='lat' dir='ltr'><strong>ad</strong></span> <span class='ocrx_word' id='word_1_81' title='bbox 673 2297 776 2362; x_wconf 92' lang='lat' dir='ltr'><strong>imum</strong></span> <span class='ocrx_word' id='word_1_82' title='bbox 798 2318 815 2362; x_wconf 91' lang='lat' dir='ltr'><strong>e</strong></span> <span class='ocrx_word' id='word_1_83' title='bbox 837 2296 965 2362; x_wconf 88' lang='lat' dir='ltr'><strong>civitate</strong></span> <span class='ocrx_word' id='word_1_84' title='bbox 988 2295 1094 2382; x_wconf 89' lang='lat' dir='ltr'><strong>agitur</strong></span> <span class='ocrx_word' id='word_1_85' title='bbox 1113 2294 1233 2388; x_wconf 88' lang='lat' dir='ltr'><strong>«quod</strong></span> <span class='ocrx_word' id='word_1_86' title='bbox 1250 2316 1432 2386; x_wconf 86' lang='lat' dir='ltr'><strong>suspectam</strong></span> 
     </span>
     <span class='ocr_line' id='line_1_13' title="bbox 262 2417 1433 2508; baseline 0.003 -25"><span class='ocrx_word' id='word_1_87' title='bbox 262 2420 509 2506; x_wconf 84' lang='lat' dir='ltr'><strong>magistratuum</strong></span> <span class='ocrx_word' id='word_1_88' title='bbox 527 2420 712 2508; x_wconf 86' lang='lat' dir='ltr'><strong>aequitatem</strong></span> <span class='ocrx_word' id='word_1_89' title='bbox 729 2418 841 2485; x_wconf 88' lang='lat' dir='ltr'><strong>fecerit</strong></span> <span class='ocrx_word' id='word_1_90' title='bbox 856 2445 887 2486; x_wconf 89' lang='lat'><strong>».</strong></span> <span class='ocrx_word' id='word_1_91' title='bbox 910 2419 948 2484; x_wconf 93' lang='lat' dir='ltr'><strong>In</strong></span> <span class='ocrx_word' id='word_1_92' title='bbox 968 2418 1026 2485; x_wconf 86' lang='lat' dir='ltr'><strong>alia</strong></span> <span class='ocrx_word' id='word_1_93' title='bbox 1047 2417 1173 2486; x_wconf 81' lang='lat' dir='ltr'><strong>fabula⁴</strong></span> <span class='ocrx_word' id='word_1_94' title='bbox 1187 2419 1303 2487; x_wconf 91' lang='lat' dir='ltr'><strong>doctor</strong></span> <span class='ocrx_word' id='word_1_95' title='bbox 1321 2447 1337 2484; x_wconf 79' lang='lat' dir='ltr'><strong>a</strong></span> <span class='ocrx_word' id='word_1_96' title='bbox 1358 2421 1433 2487; x_wconf 91' lang='lat' dir='ltr'><strong>Me-</strong></span> 
     </span>
     <span class='ocr_line' id='line_1_14' title="bbox 260 2540 1433 2627; baseline 0.001 -18"><span class='ocrx_word' id='word_1_97' title='bbox 260 2542 390 2610; x_wconf 87' lang='lat' dir='ltr'><strong>lanzana</strong></span> <span class='ocrx_word' id='word_1_98' title='bbox 407 2567 423 2604; x_wconf 80' lang='lat' dir='ltr'><strong>n</strong></span> <span class='ocrx_word' id='word_1_99' title='bbox 443 2544 597 2609; x_wconf 92' lang='lat' dir='ltr'><strong>comitem</strong></span> <span class='ocrx_word' id='word_1_100' title='bbox 619 2540 805 2609; x_wconf 90' lang='lat' dir='ltr'><strong>Heraclium</strong></span> <span class='ocrx_word' id='word_1_101' title='bbox 827 2541 1017 2609; x_wconf 85' lang='lat' dir='ltr'><strong>servandam</strong></span> <span class='ocrx_word' id='word_1_102' title='bbox 1039 2541 1133 2610; x_wconf 91' lang='lat' dir='ltr'><strong>docet</strong></span> <span class='ocrx_word' id='word_1_103' title='bbox 1149 2542 1328 2627; x_wconf 85' lang='lat' dir='ltr'><strong>fortunam,</strong></span> <span class='ocrx_word' id='word_1_104' title='bbox 1351 2545 1433 2610; x_wconf 89' lang='lat' dir='ltr'><strong>anti-</strong></span> 
     </span>
    </p>
   </div>
   <div class='ocr_carea' id='block_1_5' title="bbox 262 2664 1432 2754">
    <p class='ocr_par' dir='ltr' id='par_1_5' title="bbox 262 2664 1432 2754">
     <span class='ocr_line' id='line_1_15' title="bbox 262 2664 1432 2754; baseline 0.002 -23"><span class='ocrx_word' id='word_1_105' title='bbox 262 2666 374 2754; x_wconf 91' lang='lat' dir='ltr'><strong>quiore</strong></span> <span class='ocrx_word' id='word_1_106' title='bbox 392 2665 445 2732; x_wconf 93' lang='lat' dir='ltr'><strong>die</strong></span> <span class='ocrx_word' id='word_1_107' title='bbox 465 2664 537 2732; x_wconf 76' lang='lat' dir='ltr'><strong>filiae</strong></span> <span class='ocrx_word' id='word_1_108' title='bbox 557 2665 691 2753; x_wconf 88' lang='lat' dir='ltr'><strong>nuptiali</strong></span> <span class='ocrx_word' id='word_1_109' title='bbox 709 2666 850 2754; x_wconf 88' lang='lat' dir='ltr'><strong>pactioni</strong></span> <span class='ocrx_word' id='word_1_110' title='bbox 870 2664 1039 2754; x_wconf 87' lang='lat' dir='ltr'><strong>adscripta,</strong></span> <span class='ocrx_word' id='word_1_111' title='bbox 1059 2666 1111 2730; x_wconf 93' lang='lat' dir='ltr'><strong>cui</strong></span> <span class='ocrx_word' id='word_1_112' title='bbox 1130 2666 1247 2750; x_wconf 87' lang='lat' dir='ltr'><strong>virgini</strong></span> <span class='ocrx_word' id='word_1_113' title='bbox 1266 2667 1299 2732; x_wconf 93' lang='lat' dir='ltr'><strong>in</strong></span> <span class='ocrx_word' id='word_1_114' title='bbox 1320 2665 1432 2733; x_wconf 91' lang='lat' dir='ltr'><strong>dotem</strong></span> 
     </span>
    </p>
   </div>
   <div class='ocr_carea' id='block_1_6' title="bbox 260 2789 1436 4116">
    <p class='ocr_par' dir='ltr' id='par_1_6' title="bbox 262 2789 1385 2880">
     <span class='ocr_line' id='line_1_16' title="bbox 262 2789 1385 2880; baseline 0.002 -24"><span class='ocrx_word' id='word_1_115' title='bbox 262 2790 412 2857; x_wconf 89' lang='lat' dir='ltr'><strong>dicuntur</strong></span> <span class='ocrx_word' id='word_1_116' title='bbox 426 2790 508 2858; x_wconf 91' lang='lat' dir='ltr'><strong>aedes</strong></span> <span class='ocrx_word' id='word_1_117' title='bbox 522 2791 749 2880; x_wconf 87' lang='lat' dir='ltr'><strong>pigneraticiae,</strong></span> <span class='ocrx_word' id='word_1_118' title='bbox 768 2789 845 2856; x_wconf 88' lang='lat' dir='ltr'><strong>solae</strong></span> <span class='ocrx_word' id='word_1_119' title='bbox 859 2789 1053 2879; x_wconf 88' lang='lat' dir='ltr'><strong>dilapsarum</strong></span> <span class='ocrx_word' id='word_1_120' title='bbox 1070 2812 1171 2879; x_wconf 93' lang='lat' dir='ltr'><strong>opum</strong></span> <span class='ocrx_word' id='word_1_121' title='bbox 1186 2792 1385 2878; x_wconf 90' lang='lat' dir='ltr'><strong>superstites.</strong></span> 
     </span>
    </p>

    <p class='ocr_par' dir='ltr' id='par_1_7' title="bbox 261 2911 1436 3621">
     <span class='ocr_line' id='line_1_17' title="bbox 306 2911 1434 3003; baseline -0.001 -22"><span class='ocrx_word' id='word_1_122' title='bbox 306 2915 460 2981; x_wconf 83' lang='lat' dir='ltr'><strong>Doctoris</strong></span> <span class='ocrx_word' id='word_1_123' title='bbox 475 2937 551 2981; x_wconf 92' lang='lat' dir='ltr'><strong>vero</strong></span> <span class='ocrx_word' id='word_1_124' title='bbox 569 2914 775 2981; x_wconf 83' lang='lat' dir='ltr'><strong>Balanzonii⁵</strong></span> <span class='ocrx_word' id='word_1_125' title='bbox 798 2915 940 3003; x_wconf 88' lang='lat' dir='ltr'><strong>nequitia</strong></span> <span class='ocrx_word' id='word_1_126' title='bbox 961 2915 1062 2981; x_wconf 90' lang='lat' dir='ltr'><strong>virtus</strong></span> <span class='ocrx_word' id='word_1_127' title='bbox 1087 2911 1224 2981; x_wconf 91' lang='lat' dir='ltr'><strong>officiosi</strong></span> <span class='ocrx_word' id='word_1_128' title='bbox 1246 2914 1434 2983; x_wconf 87' lang='lat' dir='ltr'><strong>Pantalonis</strong></span> 
     </span>
     <span class='ocr_line' id='line_1_18' title="bbox 261 3036 1434 3127; baseline 0.003 -25"><span class='ocrx_word' id='word_1_129' title='bbox 261 3036 375 3104; x_wconf 84' lang='lat' dir='ltr'><strong>clarius</strong></span> <span class='ocrx_word' id='word_1_130' title='bbox 396 3036 583 3105; x_wconf 88' lang='lat' dir='ltr'><strong>illustratur.</strong></span> <span class='ocrx_word' id='word_1_131' title='bbox 611 3039 691 3120; x_wconf 93' lang='lat' dir='ltr'><strong>Quo</strong></span> <span class='ocrx_word' id='word_1_132' title='bbox 712 3040 813 3125; x_wconf 84' lang='lat' dir='ltr'><strong>magis</strong></span> <span class='ocrx_word' id='word_1_133' title='bbox 834 3039 922 3104; x_wconf 90' lang='lat' dir='ltr'><strong>enim</strong></span> <span class='ocrx_word' id='word_1_134' title='bbox 943 3037 993 3104; x_wconf 92' lang='lat' dir='ltr'><strong>hic</strong></span> <span class='ocrx_word' id='word_1_135' title='bbox 1007 3037 1078 3106; x_wconf 90' lang='lat' dir='ltr'><strong>lites</strong></span> <span class='ocrx_word' id='word_1_136' title='bbox 1094 3061 1293 3127; x_wconf 90' lang='lat' dir='ltr'><strong>componere</strong></span> <span class='ocrx_word' id='word_1_137' title='bbox 1310 3039 1434 3121; x_wconf 89' lang='lat' dir='ltr'><strong>studet,</strong></span> 
     </span>
     <span class='ocr_line' id='line_1_19' title="bbox 263 3161 1436 3246; baseline 0.003 -19"><span class='ocrx_word' id='word_1_138' title='bbox 263 3178 354 3228; x_wconf 87' lang='lat' dir='ltr'><strong>tanto</strong></span> <span class='ocrx_word' id='word_1_139' title='bbox 373 3161 475 3227; x_wconf 91' lang='lat' dir='ltr'><strong>acrius</strong></span> <span class='ocrx_word' id='word_1_140' title='bbox 493 3162 546 3228; x_wconf 89' lang='lat' dir='ltr'><strong>ille</strong></span> <span class='ocrx_word' id='word_1_141' title='bbox 567 3162 694 3228; x_wconf 91' lang='lat' dir='ltr'><strong>animos</strong></span> <span class='ocrx_word' id='word_1_142' title='bbox 720 3162 900 3229; x_wconf 84' lang='lat' dir='ltr'><strong>exulcerare</strong></span> <span class='ocrx_word' id='word_1_143' title='bbox 922 3181 1077 3245; x_wconf 89' lang='lat' dir='ltr'><strong>conatur;</strong></span> <span class='ocrx_word' id='word_1_144' title='bbox 1104 3165 1226 3246; x_wconf 89' lang='lat' dir='ltr'><strong>imm0,</strong></span> <span class='ocrx_word' id='word_1_145' title='bbox 1252 3166 1371 3231; x_wconf 92' lang='lat' dir='ltr'><strong>timens</strong></span> <span class='ocrx_word' id='word_1_146' title='bbox 1396 3187 1436 3230; x_wconf 90' lang='lat' dir='ltr'><strong>ne</strong></span> 
     </span>
     <span class='ocr_line' id='line_1_20' title="bbox 262 3283 1433 3375; baseline 0.003 -25"><span class='ocrx_word' id='word_1_147' title='bbox 262 3284 349 3350; x_wconf 91' lang='lat' dir='ltr'><strong>solus</strong></span> <span class='ocrx_word' id='word_1_148' title='bbox 364 3286 409 3351; x_wconf 91' lang='lat' dir='ltr'><strong>rei</strong></span> <span class='ocrx_word' id='word_1_149' title='bbox 423 3285 526 3372; x_wconf 88' lang='lat' dir='ltr'><strong>impar</strong></span> <span class='ocrx_word' id='word_1_150' title='bbox 541 3285 595 3365; x_wconf 91' lang='lat' dir='ltr'><strong>sit,</strong></span> <span class='ocrx_word' id='word_1_151' title='bbox 618 3283 771 3351; x_wconf 85' lang='lat' dir='ltr'><strong>auxilium</strong></span> <span class='ocrx_word' id='word_1_152' title='bbox 792 3286 872 3375; x_wconf 90' lang='lat' dir='ltr'><strong>petit</strong></span> <span class='ocrx_word' id='word_1_153' title='bbox 892 3288 1018 3374; x_wconf 91' lang='lat' dir='ltr'><strong>nepotis</strong></span> <span class='ocrx_word' id='word_1_154' title='bbox 1038 3288 1088 3353; x_wconf 92' lang='lat' dir='ltr'><strong>sui</strong></span> <span class='ocrx_word' id='word_1_155' title='bbox 1110 3286 1291 3372; x_wconf 88' lang='lat' dir='ltr'><strong>cujusdam,</strong></span> <span class='ocrx_word' id='word_1_156' title='bbox 1315 3287 1433 3356; x_wconf 79' lang='lat' dir='ltr'><strong>«docti</strong></span> 
     </span>
     <span class='ocr_line' id='line_1_21' title="bbox 262 3409 1435 3501; baseline 0.005 -27"><span class='ocrx_word' id='word_1_157' title='bbox 262 3409 425 3501; x_wconf 90' lang='lat' dir='ltr'><strong>severique</strong></span> <span class='ocrx_word' id='word_1_158' title='bbox 439 3410 499 3476; x_wconf 94' lang='lat' dir='ltr'><strong>viri</strong></span> <span class='ocrx_word' id='word_1_159' title='bbox 514 3434 530 3472; x_wconf 88' lang='lat'>»</span> <span class='ocrx_word' id='word_1_160' title='bbox 549 3431 663 3497; x_wconf 91' lang='lat' dir='ltr'><strong>resque</strong></span> <span class='ocrx_word' id='word_1_161' title='bbox 681 3431 749 3475; x_wconf 92' lang='lat' dir='ltr'><strong>non</strong></span> <span class='ocrx_word' id='word_1_162' title='bbox 764 3432 802 3475; x_wconf 88' lang='lat' dir='ltr'><strong>ex</strong></span> <span class='ocrx_word' id='word_1_163' title='bbox 817 3409 900 3476; x_wconf 92' lang='lat' dir='ltr'><strong>illius</strong></span> <span class='ocrx_word' id='word_1_164' title='bbox 921 3413 1080 3478; x_wconf 86' lang='lat' dir='ltr'><strong>sententia</strong></span> <span class='ocrx_word' id='word_1_165' title='bbox 1100 3413 1301 3500; x_wconf 86' lang='lat' dir='ltr'><strong>successerit,</strong></span> <span class='ocrx_word' id='word_1_166' title='bbox 1323 3413 1362 3494; x_wconf 92' lang='lat' dir='ltr'><strong>si,</strong></span> <span class='ocrx_word' id='word_1_167' title='bbox 1380 3413 1435 3480; x_wconf 88' lang='lat' dir='ltr'><strong>tali</strong></span> 
     </span>
     <span class='ocr_line' id='line_1_22' title="bbox 261 3529 1181 3621; baseline 0.005 -23"><span class='ocrx_word' id='word_1_168' title='bbox 261 3529 383 3598; x_wconf 88' lang='lat' dir='ltr'><strong>foedere</strong></span> <span class='ocrx_word' id='word_1_169' title='bbox 397 3551 505 3621; x_wconf 87' lang='lat' dir='ltr'><strong>pactu,</strong></span> <span class='ocrx_word' id='word_1_170' title='bbox 521 3530 639 3620; x_wconf 89' lang='lat' dir='ltr'><strong>aliquid</strong></span> <span class='ocrx_word' id='word_1_171' title='bbox 654 3533 779 3599; x_wconf 91' lang='lat' dir='ltr'><strong>miseris</strong></span> <span class='ocrx_word' id='word_1_172' title='bbox 795 3531 964 3599; x_wconf 92' lang='lat' dir='ltr'><strong>clientibus</strong></span> <span class='ocrx_word' id='word_1_173' title='bbox 981 3531 1181 3620; x_wconf 87' lang='lat' dir='ltr'><strong>superstabit.</strong></span> 
     </span>
    </p>

    <p class='ocr_par' dir='ltr' id='par_1_8' title="bbox 260 3654 1435 4116">
     <span class='ocr_line' id='line_1_23' title="bbox 304 3654 1434 3747; baseline 0.003 -26"><span class='ocrx_word' id='word_1_174' title='bbox 304 3655 484 3722; x_wconf 74' lang='lat' dir='ltr'><strong>Fortunatae</strong></span> <span class='ocrx_word' id='word_1_175' title='bbox 498 3654 638 3724; x_wconf 80' lang='lat' dir='ltr'><strong>heredi5⁶</strong></span> <span class='ocrx_word' id='word_1_176' title='bbox 653 3655 784 3722; x_wconf 87' lang='lat' dir='ltr'><strong>materia</strong></span> <span class='ocrx_word' id='word_1_177' title='bbox 798 3673 867 3722; x_wconf 88' lang='lat' dir='ltr'><strong>tota</strong></span> <span class='ocrx_word' id='word_1_178' title='bbox 882 3655 937 3722; x_wconf 92' lang='lat' dir='ltr'><strong>lite</strong></span> <span class='ocrx_word' id='word_1_179' title='bbox 951 3654 1091 3745; x_wconf 86' lang='lat' dir='ltr'><strong>quadam</strong></span> <span class='ocrx_word' id='word_1_180' title='bbox 1106 3675 1247 3737; x_wconf 85' lang='lat' dir='ltr'><strong>constat,</strong></span> <span class='ocrx_word' id='word_1_181' title='bbox 1264 3679 1347 3747; x_wconf 91' lang='lat' dir='ltr'><strong>quae,</strong></span> <span class='ocrx_word' id='word_1_182' title='bbox 1369 3659 1434 3724; x_wconf 92' lang='lat' dir='ltr'><strong>sin-</strong></span> 
     </span>
     <span class='ocr_line' id='line_1_24' title="bbox 261 3776 1435 3869; baseline 0.003 -26"><span class='ocrx_word' id='word_1_183' title='bbox 261 3776 364 3866; x_wconf 88' lang='lat' dir='ltr'><strong>gulari</strong></span> <span class='ocrx_word' id='word_1_184' title='bbox 385 3796 581 3845; x_wconf 89' lang='lat' dir='ltr'><strong>testamento</strong></span> <span class='ocrx_word' id='word_1_185' title='bbox 603 3776 705 3861; x_wconf 89' lang='lat' dir='ltr'><strong>facto,</strong></span> <span class='ocrx_word' id='word_1_186' title='bbox 725 3780 842 3866; x_wconf 88' lang='lat' dir='ltr'><strong>agitur.</strong></span> <span class='ocrx_word' id='word_1_187' title='bbox 866 3778 1083 3867; x_wconf 91' lang='lat' dir='ltr'><strong>Summopere</strong></span> <span class='ocrx_word' id='word_1_188' title='bbox 1101 3802 1151 3846; x_wconf 91' lang='lat' dir='ltr'><strong>res</strong></span> <span class='ocrx_word' id='word_1_189' title='bbox 1172 3778 1315 3846; x_wconf 92' lang='lat' dir='ltr'><strong>doctoris</strong></span> <span class='ocrx_word' id='word_1_190' title='bbox 1335 3781 1435 3869; x_wconf 91' lang='lat' dir='ltr'><strong>ipsius</strong></span> 
     </span>
     <span class='ocr_line' id='line_1_25' title="bbox 260 3901 1433 3992; baseline 0.003 -25"><span class='ocrx_word' id='word_1_191' title='bbox 260 3902 406 3983; x_wconf 90' lang='lat' dir='ltr'><strong>interest,</strong></span> <span class='ocrx_word' id='word_1_192' title='bbox 424 3901 673 3992; x_wconf 89' lang='lat' dir='ltr'><strong>mirandumque</strong></span> <span class='ocrx_word' id='word_1_193' title='bbox 694 3921 776 3968; x_wconf 92' lang='lat' dir='ltr'><strong>esset</strong></span> <span class='ocrx_word' id='word_1_194' title='bbox 798 3903 859 3969; x_wconf 92' lang='lat' dir='ltr'><strong>nisi</strong></span> <span class='ocrx_word' id='word_1_195' title='bbox 878 3902 1019 3983; x_wconf 87' lang='lat' dir='ltr'><strong>solertia,</strong></span> <span class='ocrx_word' id='word_1_196' title='bbox 1042 3926 1104 3991; x_wconf 88' lang='lat' dir='ltr'><strong>qua</strong></span> <span class='ocrx_word' id='word_1_197' title='bbox 1118 3902 1270 3990; x_wconf 86' lang='lat' dir='ltr'><strong>praeditus</strong></span> <span class='ocrx_word' id='word_1_198' title='bbox 1292 3921 1354 3985; x_wconf 86' lang='lat' dir='ltr'><strong>est,</strong></span> <span class='ocrx_word' id='word_1_199' title='bbox 1377 3904 1433 3971; x_wconf 88' lang='lat' dir='ltr'><strong>ad·</strong></span> 
     </span>
     <span class='ocr_line' id='line_1_26' title="bbox 261 4024 1432 4116; baseline 0.002 -26"><span class='ocrx_word' id='word_1_200' title='bbox 261 4027 417 4092; x_wconf 88' lang='lat' dir='ltr'><strong>versarios</strong></span> <span class='ocrx_word' id='word_1_201' title='bbox 445 4025 596 4092; x_wconf 91' lang='lat' dir='ltr'><strong>deludere</strong></span> <span class='ocrx_word' id='word_1_202' title='bbox 625 4043 774 4093; x_wconf 89' lang='lat' dir='ltr'><strong>tentaret.</strong></span> <span class='ocrx_word' id='word_1_203' title='bbox 807 4027 851 4092; x_wconf 84' lang='lat' dir='ltr'><strong>Ea</strong></span> <span class='ocrx_word' id='word_1_204' title='bbox 876 4043 983 4094; x_wconf 87' lang='lat' dir='ltr'><strong>tamen</strong></span> <span class='ocrx_word' id='word_1_205' title='bbox 1008 4027 1075 4114; x_wconf 90' lang='lat' dir='ltr'><strong>ipsa</strong></span> <span class='ocrx_word' id='word_1_206' title='bbox 1103 4024 1233 4093; x_wconf 88' lang='lat' dir='ltr'><strong>solertia</strong></span> <span class='ocrx_word' id='word_1_207' title='bbox 1262 4025 1432 4116; x_wconf 89' lang='lat' dir='ltr'><strong>decipitur,</strong></span> 
     </span>
    </p>
   </div>
   <div class='ocr_carea' id='block_1_7' title="bbox 262 4183 474 4195">
    <p class='ocr_par' dir='ltr' id='par_1_9' title="bbox 262 4183 474 4195">
     <span class='ocr_line' id='line_1_27' title="bbox 262 4183 474 4195; baseline 0.009 -2"><span class='ocrx_word' id='word_1_208' title='bbox 262 4183 474 4195; x_wconf 64' lang='lat' dir='ltr'>.-———-—u</span> 
     </span>
    </p>
   </div>
   <div class='ocr_carea' id='block_1_8' title="bbox 283 4272 1100 4829">
    <p class='ocr_par' dir='ltr' id='par_1_10' title="bbox 297 4272 1100 4428">
     <span class='ocr_line' id='line_1_28' title="bbox 299 4272 1100 4348; baseline 0 -20"><span class='ocrx_word' id='word_1_209' title='bbox 299 4291 321 4329; x_wconf 90' lang='lat'><strong>1.</strong></span> <span class='ocrx_word' id='word_1_210' title='bbox 344 4275 383 4328; x_wconf 85' lang='lat' dir='ltr'><strong>La</strong></span> <span class='ocrx_word' id='word_1_211' title='bbox 391 4273 517 4346; x_wconf 74' lang='lat' dir='ltr'><strong>famiglia</strong></span> <span class='ocrx_word' id='word_1_212' title='bbox 531 4275 587 4327; x_wconf 82' lang='lat' dir='ltr'><strong>dell&#39;</strong></span> <span class='ocrx_word' id='word_1_213' title='bbox 602 4276 749 4348; x_wconf 80' lang='lat' dir='ltr'><strong>antiquario</strong></span> <span class='ocrx_word' id='word_1_214' title='bbox 764 4303 798 4313; x_wconf 94' lang='lat'>-</span> <span class='ocrx_word' id='word_1_215' title='bbox 811 4272 955 4345; x_wconf 79' lang='lat' dir='ltr'><strong>[puntigli</strong></span> <span class='ocrx_word' id='word_1_216' title='bbox 963 4273 1100 4328; x_wconf 75' lang='lat' dir='ltr'><strong>domestici.</strong></span> 
     </span>
     <span class='ocr_line' id='line_1_29' title="bbox 297 4371 563 4428; baseline 0.015 -4"><span class='ocrx_word' id='word_1_217' title='bbox 297 4386 323 4426; x_wconf 92' lang='lat'><strong>2.</strong></span> <span class='ocrx_word' id='word_1_218' title='bbox 345 4371 383 4424; x_wconf 84' lang='lat' dir='ltr'><strong>La</strong></span> <span class='ocrx_word' id='word_1_219' title='bbox 397 4371 475 4424; x_wconf 84' lang='lat' dir='ltr'><strong>banca</strong></span> <span class='ocrx_word' id='word_1_220' title='bbox 489 4377 563 4428; x_wconf 84' lang='lat' dir='ltr'><strong>rotta.</strong></span> 
     </span>
    </p>

    <p class='ocr_par' dir='ltr' id='par_1_11' title="bbox 283 4467 670 4635">
     <span class='ocr_line' id='line_1_30' title="bbox 299 4467 670 4537; baseline 0.005 -15"><span class='ocrx_word' id='word_1_221' title='bbox 299 4484 323 4537; x_wconf 86' lang='lat'><strong>3.</strong></span> <span class='ocrx_word' id='word_1_222' title='bbox 344 4467 370 4522; x_wconf 88' lang='lat' dir='ltr'><strong>Il</strong></span> <span class='ocrx_word' id='word_1_223' title='bbox 383 4467 507 4522; x_wconf 79' lang='lat' dir='ltr'><strong>cavaliere</strong></span> <span class='ocrx_word' id='word_1_224' title='bbox 519 4485 532 4519; x_wconf 82' lang='grc' dir='ltr'><strong><em>ι</em></strong></span> <span class='ocrx_word' id='word_1_225' title='bbox 545 4467 571 4522; x_wconf 86' lang='lat' dir='ltr'><strong>la</strong></span> <span class='ocrx_word' id='word_1_226' title='bbox 585 4468 670 4524; x_wconf 84' lang='lat' dir='ltr'><strong>dama.</strong></span> 
     </span>
     <span class='ocr_line' id='line_1_31' title="bbox 283 4565 552 4635; baseline 0.004 -15"><span class='ocrx_word' id='word_1_227' title='bbox 283 4579 323 4630; x_wconf 89' lang='grc'><strong>-4,</strong></span> <span class='ocrx_word' id='word_1_228' title='bbox 345 4565 370 4620; x_wconf 89' lang='lat' dir='ltr'><strong>Il</strong></span> <span class='ocrx_word' id='word_1_229' title='bbox 381 4567 552 4635; x_wconf 77' lang='lat' dir='ltr'><strong>raggiratorc.</strong></span> 
     </span>
    </p>

    <p class='ocr_par' dir='ltr' id='par_1_12' title="bbox 299 4661 635 4732">
     <span class='ocr_line' id='line_1_32' title="bbox 299 4661 635 4732; baseline 0.003 -18"><span class='ocrx_word' id='word_1_230' title='bbox 299 4678 322 4732; x_wconf 81' lang='lat'><strong>5.</strong></span> <span class='ocrx_word' id='word_1_231' title='bbox 346 4662 362 4715; x_wconf 90' lang='lat'><em>1</em></span> <span class='ocrx_word' id='word_1_232' title='bbox 372 4662 488 4732; x_wconf 77' lang='lat' dir='ltr'><strong>puntigli</strong></span> <span class='ocrx_word' id='word_1_233' title='bbox 500 4661 635 4716; x_wconf 76' lang='lat' dir='ltr'><strong>domestici.</strong></span> 
     </span>
    </p>

    <p class='ocr_par' dir='ltr' id='par_1_13' title="bbox 297 4759 599 4829">
     <span class='ocr_line' id='line_1_33' title="bbox 297 4759 599 4829; baseline 0.007 -15"><span class='ocrx_word' id='word_1_234' title='bbox 297 4759 324 4814; x_wconf 92' lang='lat'><strong>6.</strong></span> <span class='ocrx_word' id='word_1_235' title='bbox 344 4760 444 4814; x_wconf 77' lang='lat' dir='ltr'><strong>L&#39;trede</strong></span> <span class='ocrx_word' id='word_1_236' title='bbox 453 4759 599 4829; x_wconf 77' lang='lat' dir='ltr'><strong>fortunata.</strong></span> 
     </span>
    </p>
   </div>
   <div class='ocr_carea' id='block_1_9' title="bbox 0 0 1805 5680">
    <p class='ocr_par' dir='ltr' id='par_1_14' title="bbox 0 0 1805 5680">
     <span class='ocr_line' id='line_1_34' title="bbox 0 0 1805 5680; baseline 0 0"><span class='ocrx_word' id='word_1_237' title='bbox 0 0 1805 5680; x_wconf 95' lang='lat' dir='ltr'><strong> </strong></span> 
     </span>
    </p>
   </div>
  </div>
 </body>
</html>
