<?xml version="1.0" encoding="UTF-8"?>
<!DOCTYPE html PUBLIC "-//W3C//DTD XHTML 1.0 Transitional//EN"
    "http://www.w3.org/TR/xhtml1/DTD/xhtml1-transitional.dtd">
<html xmlns="http://www.w3.org/1999/xhtml" xml:lang="en" lang="en">
 <head>
  <title>
</title>
<meta http-equiv="Content-Type" content="text/html;charset=utf-8" />
  <meta name='ocr-system' content='tesseract 3.04.00' />
  <meta name='ocr-capabilities' content='ocr_page ocr_carea ocr_par ocr_line ocrx_word'/>
</head>
<body>
  <div class='ocr_page' id='page_1' title='image "./degoldonioitali00rabagoog_0151.png"; bbox 0 0 3588 5680; ppageno 0'>
   <div class='ocr_carea' id='block_1_1' title="bbox 354 639 1346 723">
    <p class='ocr_par' dir='ltr' id='par_1_1' title="bbox 354 639 1346 723">
     <span class='ocr_line' id='line_1_1' title="bbox 354 639 1346 723; baseline 0.002 -21"><span class='ocrx_word' id='word_1_1' title='bbox 354 639 412 723; x_wconf 86' lang='lat'><strong>136</strong></span> <span class='ocrx_word' id='word_1_2' title='bbox 523 655 566 702; x_wconf 83' lang='lat' dir='ltr'><strong>DE</strong></span> <span class='ocrx_word' id='word_1_3' title='bbox 591 653 773 703; x_wconf 77' lang='lat' dir='ltr'><strong>Gotoouro</strong></span> <span class='ocrx_word' id='word_1_4' title='bbox 798 653 940 702; x_wconf 80' lang='lat' dir='ltr'><strong>ITALlCAE</strong></span> <span class='ocrx_word' id='word_1_5' title='bbox 965 655 1084 703; x_wconf 73' lang='lat' dir='ltr'><strong>scAENAE</strong></span> <span class='ocrx_word' id='word_1_6' title='bbox 1109 655 1346 706; x_wconf 83' lang='lat' dir='ltr'>CORRECTORE.</span> 
     </span>
    </p>
   </div>
   <div class='ocr_carea' id='block_1_2' title="bbox 342 792 1552 4230">
    <p class='ocr_par' dir='ltr' id='par_1_2' title="bbox 342 792 1517 1729">
     <span class='ocr_line' id='line_1_2' title="bbox 350 792 1515 885; baseline 0.003 -25"><span class='ocrx_word' id='word_1_7' title='bbox 350 793 543 885; x_wconf 83' lang='lat' dir='ltr'><strong>scriptorum</strong></span> <span class='ocrx_word' id='word_1_8' title='bbox 571 792 691 862; x_wconf 83' lang='lat' dir='ltr'><strong>famam</strong></span> <span class='ocrx_word' id='word_1_9' title='bbox 710 817 766 862; x_wconf 89' lang='lat' dir='ltr'><strong>sua</strong></span> <span class='ocrx_word' id='word_1_10' title='bbox 792 811 885 863; x_wconf 87' lang='lat' dir='ltr'><strong>aetate</strong></span> <span class='ocrx_word' id='word_1_11' title='bbox 909 792 1075 875; x_wconf 86' lang='lat' dir='ltr'>haberent,</span> <span class='ocrx_word' id='word_1_12' title='bbox 1101 818 1169 863; x_wconf 92' lang='lat' dir='ltr'><strong>non</strong></span> <span class='ocrx_word' id='word_1_13' title='bbox 1195 794 1452 864; x_wconf 85' lang='lat' dir='ltr'><strong>animadvertere</strong></span> <span class='ocrx_word' id='word_1_14' title='bbox 1474 798 1515 864; x_wconf 95' lang='lat' dir='ltr'><strong>ri·</strong></span> 
     </span>
     <span class='ocr_line' id='line_1_3' title="bbox 349 915 1515 1008; baseline 0.003 -23"><span class='ocrx_word' id='word_1_15' title='bbox 349 917 473 986; x_wconf 91' lang='lat' dir='ltr'><strong>diculos</strong></span> <span class='ocrx_word' id='word_1_16' title='bbox 494 919 580 1008; x_wconf 93' lang='lat' dir='ltr'><strong>ipsos</strong></span> <span class='ocrx_word' id='word_1_17' title='bbox 600 915 682 1001; x_wconf 88' lang='lat' dir='ltr'><strong>fieri,</strong></span> <span class='ocrx_word' id='word_1_18' title='bbox 707 940 780 985; x_wconf 92' lang='lat' dir='ltr'><strong>cum</strong></span> <span class='ocrx_word' id='word_1_19' title='bbox 807 941 840 986; x_wconf 91' lang='lat' dir='ltr'><strong>se</strong></span> <span class='ocrx_word' id='word_1_20' title='bbox 864 918 963 986; x_wconf 89' lang='lat' dir='ltr'><strong>serios</strong></span> <span class='ocrx_word' id='word_1_21' title='bbox 985 920 1072 986; x_wconf 92' lang='lat' dir='ltr'><strong>viros</strong></span> <span class='ocrx_word' id='word_1_22' title='bbox 1096 916 1134 985; x_wconf 85' lang='lat' dir='ltr'><strong>ad</strong></span> <span class='ocrx_word' id='word_1_23' title='bbox 1158 919 1287 987; x_wconf 86' lang='lat' dir='ltr'><strong>minora</strong></span> <span class='ocrx_word' id='word_1_24' title='bbox 1310 917 1515 990; x_wconf 85' lang='lat' dir='ltr'><strong>demitterent</strong></span> 
     </span>
     <span class='ocr_line' id='line_1_4' title="bbox 349 1040 1515 1133; baseline 0.003 -26"><span class='ocrx_word' id='word_1_25' title='bbox 349 1042 494 1133; x_wconf 86' lang='lat' dir='ltr'><strong>iramque</strong></span> <span class='ocrx_word' id='word_1_26' title='bbox 510 1040 718 1109; x_wconf 87' lang='lat' dir='ltr'><strong>deridendam</strong></span> <span class='ocrx_word' id='word_1_27' title='bbox 730 1043 765 1109; x_wconf 93' lang='lat' dir='ltr'><strong>in</strong></span> <span class='ocrx_word' id='word_1_28' title='bbox 779 1041 972 1126; x_wconf 81' lang='lat' dir='ltr'><strong>Brighellam</strong></span> <span class='ocrx_word' id='word_1_29' title='bbox 989 1040 1178 1132; x_wconf 85' lang='lat' dir='ltr'><strong>quemdam,</strong></span> <span class='ocrx_word' id='word_1_30' title='bbox 1195 1042 1229 1110; x_wconf 90' lang='lat' dir='ltr'><strong>in</strong></span> <span class='ocrx_word' id='word_1_31' title='bbox 1244 1043 1470 1129; x_wconf 87' lang='lat' dir='ltr'><strong>Pantalonem,</strong></span> <span class='ocrx_word' id='word_1_32' title='bbox 1482 1045 1515 1112; x_wconf 91' lang='lat' dir='ltr'><strong>in</strong></span> 
     </span>
     <span class='ocr_line' id='line_1_5' title="bbox 350 1164 1515 1257; baseline 0.001 -23"><span class='ocrx_word' id='word_1_33' title='bbox 350 1167 544 1250; x_wconf 92' lang='lat' dir='ltr'><strong>Doctorem,</strong></span> <span class='ocrx_word' id='word_1_34' title='bbox 558 1166 592 1233; x_wconf 92' lang='lat' dir='ltr'><strong>in</strong></span> <span class='ocrx_word' id='word_1_35' title='bbox 602 1165 800 1256; x_wconf 87' lang='lat' dir='ltr'><strong>Tartagliam</strong></span> <span class='ocrx_word' id='word_1_36' title='bbox 810 1186 864 1236; x_wconf 88' lang='lat' dir='ltr'><strong>aut</strong></span> <span class='ocrx_word' id='word_1_37' title='bbox 874 1164 1115 1236; x_wconf 86' lang='lat' dir='ltr'><strong>Truffaldinum</strong></span> <span class='ocrx_word' id='word_1_38' title='bbox 1126 1168 1373 1256; x_wconf 88' lang='lat' dir='ltr'><strong>conciperent...</strong></span> <span class='ocrx_word' id='word_1_39' title='bbox 1388 1168 1515 1257; x_wconf 91' lang='lat' dir='ltr'><strong>Populo</strong></span> 
     </span>
     <span class='ocr_line' id='line_1_6' title="bbox 349 1287 1515 1383; baseline 0.002 -25"><span class='ocrx_word' id='word_1_40' title='bbox 349 1311 476 1381; x_wconf 86' lang='lat' dir='ltr'><strong>semper</strong></span> <span class='ocrx_word' id='word_1_41' title='bbox 490 1287 559 1358; x_wconf 88' lang='lat' dir='ltr'><strong>fore</strong></span> <span class='ocrx_word' id='word_1_42' title='bbox 572 1287 695 1358; x_wconf 92' lang='lat' dir='ltr'><strong>licitum</strong></span> <span class='ocrx_word' id='word_1_43' title='bbox 715 1313 763 1374; x_wconf 91' lang='lat' dir='ltr'><strong>re,</strong></span> <span class='ocrx_word' id='word_1_44' title='bbox 779 1313 850 1381; x_wconf 88' lang='lat' dir='ltr'><strong>quae</strong></span> <span class='ocrx_word' id='word_1_45' title='bbox 870 1290 929 1360; x_wconf 93' lang='lat' dir='ltr'><strong>sibi</strong></span> <span class='ocrx_word' id='word_1_46' title='bbox 945 1289 1078 1381; x_wconf 88' lang='lat' dir='ltr'><strong>placeat,</strong></span> <span class='ocrx_word' id='word_1_47' title='bbox 1094 1289 1233 1380; x_wconf 88' lang='lat' dir='ltr'><strong>gaudere</strong></span> <span class='ocrx_word' id='word_1_48' title='bbox 1251 1314 1432 1383; x_wconf 88' lang='lat' dir='ltr'><strong>parumque</strong></span> <span class='ocrx_word' id='word_1_49' title='bbox 1455 1315 1515 1360; x_wconf 88' lang='lat' dir='ltr'><strong>cu-</strong></span> 
     </span>
     <span class='ocr_line' id='line_1_7' title="bbox 346 1413 1515 1505; baseline 0.003 -25"><span class='ocrx_word' id='word_1_50' title='bbox 346 1435 415 1482; x_wconf 88' lang='lat' dir='ltr'><strong>rare</strong></span> <span class='ocrx_word' id='word_1_51' title='bbox 434 1413 590 1496; x_wconf 87' lang='lat' dir='ltr'><strong>Catones,</strong></span> <span class='ocrx_word' id='word_1_52' title='bbox 610 1415 667 1504; x_wconf 93' lang='lat' dir='ltr'><strong>qui</strong></span> <span class='ocrx_word' id='word_1_53' title='bbox 686 1413 771 1482; x_wconf 89' lang='lat' dir='ltr'><strong>larva</strong></span> <span class='ocrx_word' id='word_1_54' title='bbox 788 1413 893 1483; x_wconf 91' lang='lat' dir='ltr'><strong>induti</strong></span> <span class='ocrx_word' id='word_1_55' title='bbox 912 1413 1081 1504; x_wconf 89' lang='lat' dir='ltr'><strong>prohibere</strong></span> <span class='ocrx_word' id='word_1_56' title='bbox 1101 1415 1202 1484; x_wconf 88' lang='lat' dir='ltr'><strong>velint</strong></span> <span class='ocrx_word' id='word_1_57' title='bbox 1224 1415 1303 1505; x_wconf 91' lang='lat' dir='ltr'><strong>quin</strong></span> <span class='ocrx_word' id='word_1_58' title='bbox 1324 1439 1364 1483; x_wconf 85' lang='lat' dir='ltr'><strong>ex</strong></span> <span class='ocrx_word' id='word_1_59' title='bbox 1379 1438 1433 1501; x_wconf 92' lang='lat' dir='ltr'><strong>e0,</strong></span> <span class='ocrx_word' id='word_1_60' title='bbox 1450 1439 1515 1505; x_wconf 93' lang='lat' dir='ltr'><strong>quo</strong></span> 
     </span>
     <span class='ocr_line' id='line_1_8' title="bbox 342 1537 1517 1629; baseline 0 -23"><span class='ocrx_word' id='word_1_61' title='bbox 342 1537 530 1619; x_wconf 88' lang='lat' dir='ltr'><strong>delectetur,</strong></span> <span class='ocrx_word' id='word_1_62' title='bbox 546 1537 748 1628; x_wconf 89' lang='lat' dir='ltr'><strong>voluptatem</strong></span> <span class='ocrx_word' id='word_1_63' title='bbox 768 1538 975 1628; x_wconf 77' lang='lat' dir='ltr'><strong>percipiat...</strong></span> <span class='ocrx_word' id='word_1_64' title='bbox 995 1538 1043 1606; x_wconf 89' lang='lat' dir='ltr'><strong>Ex</strong></span> <span class='ocrx_word' id='word_1_65' title='bbox 1057 1539 1235 1629; x_wconf 88' lang='lat' dir='ltr'><strong>improviso</strong></span> <span class='ocrx_word' id='word_1_66' title='bbox 1257 1540 1426 1608; x_wconf 85' lang='lat' dir='ltr'><strong>recitatam</strong></span> <span class='ocrx_word' id='word_1_67' title='bbox 1447 1557 1517 1608; x_wconf 93' lang='lat' dir='ltr'><strong>tan-</strong></span> 
     </span>
     <span class='ocr_line' id='line_1_9' title="bbox 347 1660 1006 1729; baseline -0.006 -1"><span class='ocrx_word' id='word_1_68' title='bbox 347 1661 422 1728; x_wconf 93' lang='lat' dir='ltr'><strong>dem</strong></span> <span class='ocrx_word' id='word_1_69' title='bbox 435 1660 634 1729; x_wconf 85' lang='lat' dir='ltr'><strong>comoediam</strong></span> <span class='ocrx_word' id='word_1_70' title='bbox 649 1660 749 1729; x_wconf 88' lang='lat' dir='ltr'><strong>Italiae</strong></span> <span class='ocrx_word' id='word_1_71' title='bbox 765 1660 873 1729; x_wconf 91' lang='lat' dir='ltr'><strong>decori</strong></span> <span class='ocrx_word' id='word_1_72' title='bbox 890 1683 970 1729; x_wconf 89' lang='lat' dir='ltr'><strong>esse.</strong></span> <span class='ocrx_word' id='word_1_73' title='bbox 990 1687 1006 1725; x_wconf 81' lang='lat' dir='ltr'><strong>u</strong></span> 
     </span>
    </p>

    <p class='ocr_par' dir='ltr' id='par_1_3' title="bbox 350 1761 1552 3728">
     <span class='ocr_line' id='line_1_10' title="bbox 394 1761 1552 1876; baseline 0.002 -24"><span class='ocrx_word' id='word_1_74' title='bbox 394 1782 527 1854; x_wconf 83' lang='lat' dir='ltr'><strong>Talibus</strong></span> <span class='ocrx_word' id='word_1_75' title='bbox 547 1784 652 1852; x_wconf 92' lang='lat' dir='ltr'><strong>verbis</strong></span> <span class='ocrx_word' id='word_1_76' title='bbox 671 1773 792 1852; x_wconf 86' lang='lat' dir='ltr'><strong>directo</strong></span> <span class='ocrx_word' id='word_1_77' title='bbox 816 1784 982 1875; x_wconf 86' lang='lat' dir='ltr'><strong>petebatur</strong></span> <span class='ocrx_word' id='word_1_78' title='bbox 1003 1782 1202 1868; x_wconf 92' lang='lat' dir='ltr'><strong>Goldonius,</strong></span> <span class='ocrx_word' id='word_1_79' title='bbox 1224 1787 1278 1876; x_wconf 92' lang='lat' dir='ltr'><strong>qui</strong></span> <span class='ocrx_word' id='word_1_80' title='bbox 1300 1785 1359 1854; x_wconf 90' lang='lat' dir='ltr'><strong>sibi</strong></span> <span class='ocrx_word' id='word_1_81' title='bbox 1383 1808 1514 1876; x_wconf 88' lang='lat' dir='ltr'><strong>operam</strong></span> <span class='ocrx_word' id='word_1_82' title='bbox 1550 1761 1552 1768; x_wconf 27' lang='grc' dir='ltr'>Ι</span> 
     </span>
     <span class='ocr_line' id='line_1_11' title="bbox 350 1908 1516 2001; baseline 0.002 -25"><span class='ocrx_word' id='word_1_83' title='bbox 350 1908 568 1978; x_wconf 85' lang='lat' dir='ltr'><strong>vindicaverat</strong></span> <span class='ocrx_word' id='word_1_84' title='bbox 583 1933 648 1977; x_wconf 83' lang='lat' dir='ltr'><strong>suae</strong></span> <span class='ocrx_word' id='word_1_85' title='bbox 658 1910 764 1997; x_wconf 86' lang='lat' dir='ltr'><strong>gentis</strong></span> <span class='ocrx_word' id='word_1_86' title='bbox 776 1909 940 1978; x_wconf 88' lang='lat' dir='ltr'><strong>theatrum</strong></span> <span class='ocrx_word' id='word_1_87' title='bbox 951 1909 1144 1978; x_wconf 89' lang='lat' dir='ltr'><strong>emendandi</strong></span> <span class='ocrx_word' id='word_1_88' title='bbox 1157 1929 1254 2000; x_wconf 85' lang='lat' dir='ltr'><strong>atque</strong></span> <span class='ocrx_word' id='word_1_89' title='bbox 1265 1913 1516 2001; x_wconf 85' lang='lat' dir='ltr'><strong>extemporalem</strong></span> 
     </span>
     <span class='ocr_line' id='line_1_12' title="bbox 352 2031 1513 2125; baseline 0.003 -24"><span class='ocrx_word' id='word_1_90' title='bbox 352 2032 548 2101; x_wconf 83' lang='lat' dir='ltr'><strong>comoediam</strong></span> <span class='ocrx_word' id='word_1_91' title='bbox 571 2031 732 2114; x_wconf 91' lang='lat' dir='ltr'><strong>abolendi,</strong></span> <span class='ocrx_word' id='word_1_92' title='bbox 756 2056 842 2100; x_wconf 88' lang='lat' dir='ltr'><strong>nova</strong></span> <span class='ocrx_word' id='word_1_93' title='bbox 865 2033 1062 2125; x_wconf 88' lang='lat' dir='ltr'><strong>melioreque</strong></span> <span class='ocrx_word' id='word_1_94' title='bbox 1087 2033 1192 2101; x_wconf 87' lang='lat' dir='ltr'><strong>forma</strong></span> <span class='ocrx_word' id='word_1_95' title='bbox 1205 2035 1305 2122; x_wconf 92' lang='lat' dir='ltr'><strong>priori</strong></span> <span class='ocrx_word' id='word_1_96' title='bbox 1330 2033 1513 2104; x_wconf 86' lang='lat' dir='ltr'><strong>substituta.</strong></span> 
     </span>
     <span class='ocr_line' id='line_1_13' title="bbox 352 2154 1516 2248; baseline 0 -24"><span class='ocrx_word' id='word_1_97' title='bbox 352 2157 464 2248; x_wconf 90' lang='lat' dir='ltr'><strong>ltaque</strong></span> <span class='ocrx_word' id='word_1_98' title='bbox 482 2155 707 2246; x_wconf 87' lang='lat' dir='ltr'><strong>respondendo</strong></span> <span class='ocrx_word' id='word_1_99' title='bbox 724 2154 850 2224; x_wconf 87' lang='lat' dir='ltr'><strong>felicem</strong></span> <span class='ocrx_word' id='word_1_100' title='bbox 873 2179 1055 2226; x_wconf 90' lang='lat' dir='ltr'><strong>successum</strong></span> <span class='ocrx_word' id='word_1_101' title='bbox 1079 2180 1113 2224; x_wconf 91' lang='lat' dir='ltr'><strong>se</strong></span> <span class='ocrx_word' id='word_1_102' title='bbox 1134 2179 1194 2224; x_wconf 91' lang='lat' dir='ltr'><strong>suo</strong></span> <span class='ocrx_word' id='word_1_103' title='bbox 1216 2156 1317 2225; x_wconf 92' lang='lat' dir='ltr'><strong>modo</strong></span> <span class='ocrx_word' id='word_1_104' title='bbox 1341 2158 1516 2226; x_wconf 91' lang='lat' dir='ltr'><strong>obtinuisse</strong></span> 
     </span>
     <span class='ocr_line' id='line_1_14' title="bbox 352 2278 1516 2370; baseline 0 -23"><span class='ocrx_word' id='word_1_105' title='bbox 352 2281 557 2360; x_wconf 88' lang='lat' dir='ltr'><strong>memoravit,</strong></span> <span class='ocrx_word' id='word_1_106' title='bbox 575 2279 791 2370; x_wconf 88' lang='lat' dir='ltr'><strong>Gozziusque‚</strong></span> <span class='ocrx_word' id='word_1_107' title='bbox 809 2279 889 2348; x_wconf 91' lang='lat' dir='ltr'><strong>hanc</strong></span> <span class='ocrx_word' id='word_1_108' title='bbox 914 2278 1136 2348; x_wconf 87' lang='lat' dir='ltr'><strong>defensionem</strong></span> <span class='ocrx_word' id='word_1_109' title='bbox 1158 2299 1299 2364; x_wconf 89' lang='lat' dir='ltr'><strong>secutus,</strong></span> <span class='ocrx_word' id='word_1_110' title='bbox 1315 2303 1384 2348; x_wconf 92' lang='lat' dir='ltr'><strong>rern</strong></span> <span class='ocrx_word' id='word_1_111' title='bbox 1406 2279 1516 2350; x_wconf 89' lang='lat' dir='ltr'><strong>eadem</strong></span> 
     </span>
     <span class='ocr_line' id='line_1_15' title="bbox 352 2400 1512 2493; baseline 0.001 -23"><span class='ocrx_word' id='word_1_112' title='bbox 352 2404 472 2470; x_wconf 89' lang='lat' dir='ltr'><strong>trutina</strong></span> <span class='ocrx_word' id='word_1_113' title='bbox 486 2400 683 2492; x_wconf 87' lang='lat' dir='ltr'><strong>pensandam</strong></span> <span class='ocrx_word' id='word_1_114' title='bbox 696 2423 730 2471; x_wconf 87' lang='lat' dir='ltr'><strong>se</strong></span> <span class='ocrx_word' id='word_1_115' title='bbox 744 2401 919 2471; x_wconf 90' lang='lat' dir='ltr'><strong>concedere</strong></span> <span class='ocrx_word' id='word_1_116' title='bbox 941 2402 1036 2484; x_wconf 85' lang='lat' dir='ltr'><strong>dixit,</strong></span> <span class='ocrx_word' id='word_1_117' title='bbox 1054 2421 1085 2470; x_wconf 90' lang='lat' dir='ltr'><strong>et</strong></span> <span class='ocrx_word' id='word_1_118' title='bbox 1105 2402 1243 2493; x_wconf 92' lang='lat' dir='ltr'><strong>quadam</strong></span> <span class='ocrx_word' id='word_1_119' title='bbox 1262 2403 1325 2485; x_wconf 91' lang='lat' dir='ltr'><strong>die,</strong></span> <span class='ocrx_word' id='word_1_120' title='bbox 1341 2406 1376 2472; x_wconf 94' lang='lat' dir='ltr'><strong>in</strong></span> <span class='ocrx_word' id='word_1_121' title='bbox 1397 2403 1512 2474; x_wconf 89' lang='lat' dir='ltr'><strong>librarii</strong></span> 
     </span>
     <span class='ocr_line' id='line_1_16' title="bbox 354 2523 1518 2630; baseline 0.002 -37"><span class='ocrx_word' id='word_1_122' title='bbox 354 2523 526 2616; x_wconf 87' lang='lat' dir='ltr'><strong>cujusdam</strong></span> <span class='ocrx_word' id='word_1_123' title='bbox 555 2524 705 2611; x_wconf 89' lang='lat' dir='ltr'><strong>officina,</strong></span> <span class='ocrx_word' id='word_1_124' title='bbox 740 2545 896 2616; x_wconf 87' lang='lat' dir='ltr'><strong>praesente</strong></span> <span class='ocrx_word' id='word_1_125' title='bbox 925 2525 1112 2612; x_wconf 90' lang='lat' dir='ltr'><strong>Goldonio,</strong></span> <span class='ocrx_word' id='word_1_126' title='bbox 1143 2525 1333 2595; x_wconf 88' lang='lat' dir='ltr'><strong>vadimonio</strong></span> <span class='ocrx_word' id='word_1_127' title='bbox 1364 2550 1398 2596; x_wconf 89' lang='lat' dir='ltr'><strong>se</strong></span> <span class='ocrx_word' id='word_1_128' title='bbox 1429 2547 1518 2630; x_wconf 79' lang='lat' dir='ltr'><strong>tanta</strong></span> 
     </span>
     <span class='ocr_line' id='line_1_17' title="bbox 352 2648 1516 2740; baseline -0.001 -22"><span class='ocrx_word' id='word_1_129' title='bbox 352 2648 540 2740; x_wconf 86' lang='lat' dir='ltr'><strong>plebeculae,</strong></span> <span class='ocrx_word' id='word_1_130' title='bbox 573 2669 690 2740; x_wconf 90' lang='lat' dir='ltr'><strong>quanta</strong></span> <span class='ocrx_word' id='word_1_131' title='bbox 718 2649 771 2718; x_wconf 91' lang='lat' dir='ltr'><strong>ille</strong></span> <span class='ocrx_word' id='word_1_132' title='bbox 806 2651 907 2739; x_wconf 90' lang='lat' dir='ltr'><strong>gratia</strong></span> <span class='ocrx_word' id='word_1_133' title='bbox 934 2649 1101 2731; x_wconf 86' lang='lat' dir='ltr'><strong>valuisset,</strong></span> <span class='ocrx_word' id='word_1_134' title='bbox 1127 2649 1321 2739; x_wconf 90' lang='lat' dir='ltr'><strong>placiturum</strong></span> <span class='ocrx_word' id='word_1_135' title='bbox 1351 2673 1419 2720; x_wconf 91' lang='lat' dir='ltr'><strong>esse</strong></span> <span class='ocrx_word' id='word_1_136' title='bbox 1443 2650 1516 2718; x_wconf 87' lang='lat' dir='ltr'><strong>anili</strong></span> 
     </span>
     <span class='ocr_line' id='line_1_18' title="bbox 352 2770 1516 2865; baseline 0 -23"><span class='ocrx_word' id='word_1_137' title='bbox 352 2774 470 2865; x_wconf 86' lang='lat' dir='ltr'><strong>fabula</strong></span> <span class='ocrx_word' id='word_1_138' title='bbox 487 2797 598 2843; x_wconf 87' lang='lat' dir='ltr'><strong>scaenae</strong></span> <span class='ocrx_word' id='word_1_139' title='bbox 627 2774 871 2843; x_wconf 87' lang='lat' dir='ltr'><strong>accommodata</strong></span> <span class='ocrx_word' id='word_1_140' title='bbox 898 2773 1084 2865; x_wconf 91' lang='lat' dir='ltr'><strong>spopondit.</strong></span> <span class='ocrx_word' id='word_1_141' title='bbox 1111 2773 1169 2844; x_wconf 89' lang='lat' dir='ltr'><strong>Illa</strong></span> <span class='ocrx_word' id='word_1_142' title='bbox 1198 2770 1257 2842; x_wconf 84' lang='lat' dir='ltr'><strong>fuit</strong></span> <span class='ocrx_word' id='word_1_143' title='bbox 1283 2775 1377 2862; x_wconf 88' lang='lat' dir='ltr'><strong>origo</strong></span> <span class='ocrx_word' id='word_1_144' title='bbox 1409 2773 1516 2844; x_wconf 83' lang='lat' dir='ltr'><strong>Trium</strong></span> 
     </span>
     <span class='ocr_line' id='line_1_19' title="bbox 352 2897 1514 2994; baseline 0 -28"><span class='ocrx_word' id='word_1_145' title='bbox 352 2921 517 2994; x_wconf 72' lang='lat' dir='ltr'><strong>aureorum</strong></span> <span class='ocrx_word' id='word_1_146' title='bbox 546 2900 739 2981; x_wconf 81' lang='lat' dir='ltr'><strong>malorum¹,</strong></span> <span class='ocrx_word' id='word_1_147' title='bbox 765 2921 836 2989; x_wconf 90' lang='lat' dir='ltr'><strong>quae</strong></span> <span class='ocrx_word' id='word_1_148' title='bbox 867 2897 971 2966; x_wconf 87' lang='lat' dir='ltr'><strong>fabula</strong></span> <span class='ocrx_word' id='word_1_149' title='bbox 995 2900 1028 2965; x_wconf 90' lang='lat' dir='ltr'><strong>in</strong></span> <span class='ocrx_word' id='word_1_150' title='bbox 1057 2898 1183 2965; x_wconf 90' lang='lat' dir='ltr'><strong>theatro</strong></span> <span class='ocrx_word' id='word_1_151' title='bbox 1207 2899 1317 2966; x_wconf 90' lang='lat' dir='ltr'><strong>Sancti</strong></span> <span class='ocrx_word' id='word_1_152' title='bbox 1341 2899 1514 2983; x_wconf 90' lang='lat' dir='ltr'><strong>Samuelis,</strong></span> 
     </span>
     <span class='ocr_line' id='line_1_20' title="bbox 351 3012 1515 3110; baseline -0.001 -21"><span class='ocrx_word' id='word_1_153' title='bbox 351 3012 562 3090; x_wconf 91' lang='lat' dir='ltr'><strong>saturnalibus</strong></span> <span class='ocrx_word' id='word_1_154' title='bbox 595 3020 725 3102; x_wconf 93' lang='lat' dir='ltr'><strong>diebus,</strong></span> <span class='ocrx_word' id='word_1_155' title='bbox 760 3044 846 3088; x_wconf 89' lang='lat' dir='ltr'><strong>anno</strong></span> <span class='ocrx_word' id='word_1_156' title='bbox 883 3024 985 3106; x_wconf 80' lang='lat'><strong>1761,</strong></span> <span class='ocrx_word' id='word_1_157' title='bbox 1018 3045 1035 3088; x_wconf 92' lang='lat' dir='ltr'><strong>a</strong></span> <span class='ocrx_word' id='word_1_158' title='bbox 1068 3042 1165 3110; x_wconf 87' lang='lat' dir='ltr'><strong>grege</strong></span> <span class='ocrx_word' id='word_1_159' title='bbox 1197 3039 1275 3090; x_wconf 89' lang='lat' dir='ltr'><strong>tunc</strong></span> <span class='ocrx_word' id='word_1_160' title='bbox 1308 3020 1515 3090; x_wconf 91' lang='lat' dir='ltr'><strong>celeberrimo</strong></span> 
     </span>
     <span class='ocr_line' id='line_1_21' title="bbox 351 3143 1517 3236; baseline 0 -24"><span class='ocrx_word' id='word_1_161' title='bbox 351 3145 474 3212; x_wconf 87' lang='lat' dir='ltr'><strong>Sacchii</strong></span> <span class='ocrx_word' id='word_1_162' title='bbox 489 3163 557 3213; x_wconf 88' lang='lat' dir='ltr'><strong>acta</strong></span> <span class='ocrx_word' id='word_1_163' title='bbox 580 3162 638 3212; x_wconf 92' lang='lat' dir='ltr'><strong>est.</strong></span> <span class='ocrx_word' id='word_1_164' title='bbox 661 3145 741 3213; x_wconf 86' lang='lat' dir='ltr'><strong>Haec</strong></span> <span class='ocrx_word' id='word_1_165' title='bbox 756 3144 888 3234; x_wconf 91' lang='lat' dir='ltr'><strong>quidem</strong></span> <span class='ocrx_word' id='word_1_166' title='bbox 907 3143 1068 3212; x_wconf 89' lang='lat' dir='ltr'><strong>comoedia</strong></span> <span class='ocrx_word' id='word_1_167' title='bbox 1089 3144 1194 3214; x_wconf 91' lang='lat' dir='ltr'><strong>multo</strong></span> <span class='ocrx_word' id='word_1_168' title='bbox 1215 3147 1323 3213; x_wconf 90' lang='lat' dir='ltr'><strong>minus</strong></span> <span class='ocrx_word' id='word_1_169' title='bbox 1347 3146 1460 3236; x_wconf 91' lang='lat' dir='ltr'><strong>puerili</strong></span> <span class='ocrx_word' id='word_1_170' title='bbox 1482 3169 1517 3213; x_wconf 89' lang='lat' dir='ltr'><strong>ac</strong></span> 
     </span>
     <span class='ocr_line' id='line_1_22' title="bbox 350 3267 1517 3370; baseline 0 -34"><span class='ocrx_word' id='word_1_171' title='bbox 350 3267 493 3358; x_wconf 86' lang='lat' dir='ltr'><strong>sabulosa</strong></span> <span class='ocrx_word' id='word_1_172' title='bbox 506 3269 646 3350; x_wconf 90' lang='lat' dir='ltr'><strong>actione,</strong></span> <span class='ocrx_word' id='word_1_173' title='bbox 664 3291 736 3358; x_wconf 90' lang='lat' dir='ltr'><strong>quae</strong></span> <span class='ocrx_word' id='word_1_174' title='bbox 750 3291 818 3336; x_wconf 93' lang='lat' dir='ltr'><strong>non</strong></span> <span class='ocrx_word' id='word_1_175' title='bbox 835 3267 873 3338; x_wconf 92' lang='lat' dir='ltr'><strong>ab</strong></span> <span class='ocrx_word' id='word_1_176' title='bbox 886 3271 957 3358; x_wconf 91' lang='lat' dir='ltr'><strong>ipso</strong></span> <span class='ocrx_word' id='word_1_177' title='bbox 975 3268 1098 3338; x_wconf 89' lang='lat' dir='ltr'><strong>Gozzio</strong></span> <span class='ocrx_word' id='word_1_178' title='bbox 1113 3271 1246 3370; x_wconf 87' lang='lat' dir='ltr'><strong>inventa</strong></span> <span class='ocrx_word' id='word_1_179' title='bbox 1265 3288 1345 3350; x_wconf 88' lang='lat' dir='ltr'><strong>erat,</strong></span> <span class='ocrx_word' id='word_1_180' title='bbox 1367 3270 1517 3338; x_wconf 88' lang='lat' dir='ltr'><strong>attentio·</strong></span> 
     </span>
     <span class='ocr_line' id='line_1_23' title="bbox 352 3391 1516 3482; baseline 0 -22"><span class='ocrx_word' id='word_1_181' title='bbox 352 3415 427 3460; x_wconf 90' lang='lat' dir='ltr'><strong>nem</strong></span> <span class='ocrx_word' id='word_1_182' title='bbox 445 3392 582 3459; x_wconf 91' lang='lat' dir='ltr'><strong>retinere</strong></span> <span class='ocrx_word' id='word_1_183' title='bbox 600 3391 682 3460; x_wconf 87' lang='lat' dir='ltr'><strong>valet</strong></span> <span class='ocrx_word' id='word_1_184' title='bbox 697 3415 793 3482; x_wconf 90' lang='lat' dir='ltr'><strong>quam</strong></span> <span class='ocrx_word' id='word_1_185' title='bbox 808 3392 895 3481; x_wconf 94' lang='lat' dir='ltr'><strong>quod</strong></span> <span class='ocrx_word' id='word_1_186' title='bbox 909 3394 943 3459; x_wconf 94' lang='lat' dir='ltr'><strong>in</strong></span> <span class='ocrx_word' id='word_1_187' title='bbox 958 3415 994 3460; x_wconf 91' lang='lat' dir='ltr'><strong>ea</strong></span> <span class='ocrx_word' id='word_1_188' title='bbox 1008 3412 1112 3482; x_wconf 83' lang='lat' dir='ltr'><strong>poetae</strong></span> <span class='ocrx_word' id='word_1_189' title='bbox 1131 3393 1329 3475; x_wconf 88' lang='lat' dir='ltr'><strong>adversariis,</strong></span> <span class='ocrx_word' id='word_1_190' title='bbox 1348 3393 1516 3462; x_wconf 90' lang='lat' dir='ltr'><strong>Goldonio</strong></span> 
     </span>
     <span class='ocr_line' id='line_1_24' title="bbox 352 3505 1515 3605; baseline -0.002 -23"><span class='ocrx_word' id='word_1_191' title='bbox 352 3515 561 3605; x_wconf 89' lang='lat' dir='ltr'><strong>Cbiarioque,</strong></span> <span class='ocrx_word' id='word_1_192' title='bbox 574 3505 668 3582; x_wconf 89' lang='lat' dir='ltr'><strong>nullis</strong></span> <span class='ocrx_word' id='word_1_193' title='bbox 679 3507 865 3603; x_wconf 82' lang='lat' dir='ltr'><strong>ambagibus</strong></span> <span class='ocrx_word' id='word_1_194' title='bbox 876 3513 1038 3585; x_wconf 90' lang='lat' dir='ltr'><strong>alluditur.</strong></span> <span class='ocrx_word' id='word_1_195' title='bbox 1049 3516 1142 3584; x_wconf 91' lang='lat' dir='ltr'><strong>Prior</strong></span> <span class='ocrx_word' id='word_1_196' title='bbox 1152 3518 1239 3584; x_wconf 90' lang='lat' dir='ltr'><strong>enim</strong></span> <span class='ocrx_word' id='word_1_197' title='bbox 1255 3543 1271 3581; x_wconf 91' lang='grc'>«</span> <span class='ocrx_word' id='word_1_198' title='bbox 1282 3519 1368 3605; x_wconf 87' lang='lat' dir='ltr'><strong>magi</strong></span> <span class='ocrx_word' id='word_1_199' title='bbox 1379 3517 1469 3585; x_wconf 91' lang='lat' dir='ltr'><strong>Caelii</strong></span> <span class='ocrx_word' id='word_1_200' title='bbox 1482 3543 1515 3597; x_wconf 85' lang='lat' dir='ltr'><strong>u,</strong></span> 
     </span>
     <span class='ocr_line' id='line_1_25' title="bbox 352 3629 1230 3728; baseline 0.003 -24"><span class='ocrx_word' id='word_1_201' title='bbox 352 3639 431 3707; x_wconf 90' lang='lat' dir='ltr'><strong>alter</strong></span> <span class='ocrx_word' id='word_1_202' title='bbox 445 3629 465 3702; x_wconf 64' lang='lat' dir='ltr'><strong>va</strong></span> <span class='ocrx_word' id='word_1_203' title='bbox 480 3639 559 3705; x_wconf 87' lang='lat' dir='ltr'><strong>vatis</strong></span> <span class='ocrx_word' id='word_1_204' title='bbox 576 3639 742 3726; x_wconf 89' lang='lat' dir='ltr'><strong>Morganae</strong></span> <span class='ocrx_word' id='word_1_205' title='bbox 760 3665 775 3703; x_wconf 84' lang='lat' dir='ltr'><strong>u</strong></span> <span class='ocrx_word' id='word_1_206' title='bbox 792 3639 981 3708; x_wconf 90' lang='lat' dir='ltr'><strong>nominibus</strong></span> <span class='ocrx_word' id='word_1_207' title='bbox 997 3629 1230 3728; x_wconf 71' lang='lat' dir='ltr'><strong>designantur.¹</strong></span> 
     </span>
    </p>

    <p class='ocr_par' dir='ltr' id='par_1_4' title="bbox 352 3760 1518 4230">
     <span class='ocr_line' id='line_1_26' title="bbox 397 3760 1516 3853; baseline 0.002 -25"><span class='ocrx_word' id='word_1_208' title='bbox 397 3760 540 3847; x_wconf 85' lang='lat' dir='ltr'><strong>Prologo</strong></span> <span class='ocrx_word' id='word_1_209' title='bbox 555 3761 726 3828; x_wconf 87' lang='lat' dir='ltr'><strong>clarissime</strong></span> <span class='ocrx_word' id='word_1_210' title='bbox 740 3760 922 3832; x_wconf 92' lang='lat' dir='ltr'><strong>ostenditur</strong></span> <span class='ocrx_word' id='word_1_211' title='bbox 936 3761 1013 3853; x_wconf 93' lang='lat' dir='ltr'><strong>quid</strong></span> <span class='ocrx_word' id='word_1_212' title='bbox 1024 3786 1084 3831; x_wconf 90' lang='lat' dir='ltr'><strong>nos</strong></span> <span class='ocrx_word' id='word_1_213' title='bbox 1095 3783 1220 3830; x_wconf 89' lang='lat' dir='ltr'><strong>maneat</strong></span> <span class='ocrx_word' id='word_1_214' title='bbox 1235 3789 1243 3832; x_wconf 74' lang='lat' dir='ltr'><strong>a</strong></span> <span class='ocrx_word' id='word_1_215' title='bbox 1265 3791 1281 3827; x_wconf 83' lang='lat' dir='ltr'><strong>a</strong></span> <span class='ocrx_word' id='word_1_216' title='bbox 1292 3763 1462 3845; x_wconf 90' lang='lat' dir='ltr'><strong>Videbitis,</strong></span> <span class='ocrx_word' id='word_1_217' title='bbox 1474 3766 1516 3830; x_wconf 91' lang='lat' dir='ltr'><strong>ait</strong></span> 
     </span>
     <span class='ocr_line' id='line_1_27' title="bbox 352 3876 1518 3982; baseline 0.003 -32"><span class='ocrx_word' id='word_1_218' title='bbox 352 3904 460 3975; x_wconf 86' lang='lat' dir='ltr'><strong>poeta,</strong></span> <span class='ocrx_word' id='word_1_219' title='bbox 477 3876 535 3952; x_wconf 88' lang='lat' dir='ltr'><strong>hac</strong></span> <span class='ocrx_word' id='word_1_220' title='bbox 549 3885 655 3982; x_wconf 81' lang='lat' dir='ltr'><strong>vigilia</strong></span> <span class='ocrx_word' id='word_1_221' title='bbox 669 3885 846 3974; x_wconf 88' lang='lat' dir='ltr'><strong>permultos</strong></span> <span class='ocrx_word' id='word_1_222' title='bbox 856 3888 1091 3976; x_wconf 86' lang='lat' dir='ltr'><strong>inexspectatos</strong></span> <span class='ocrx_word' id='word_1_223' title='bbox 1102 3911 1191 3955; x_wconf 89' lang='lat' dir='ltr'><strong>casus</strong></span> <span class='ocrx_word' id='word_1_224' title='bbox 1206 3887 1434 3978; x_wconf 89' lang='lat' dir='ltr'><strong>miraculaque,</strong></span> <span class='ocrx_word' id='word_1_225' title='bbox 1446 3911 1518 3979; x_wconf 91' lang='lat' dir='ltr'><strong>quae</strong></span> 
     </span>
     <span class='ocr_line' id='line_1_28' title="bbox 353 3997 1516 4106; baseline 0.003 -32"><span class='ocrx_word' id='word_1_226' title='bbox 353 4011 417 4106; x_wconf 82' lang='lat' dir='ltr'><strong>jam</strong></span> <span class='ocrx_word' id='word_1_227' title='bbox 431 4006 522 4076; x_wconf 89' lang='lat' dir='ltr'><strong>vobis</strong></span> <span class='ocrx_word' id='word_1_228' title='bbox 536 3997 623 4076; x_wconf 83' lang='lat' dir='ltr'><strong>forte</strong></span> <span class='ocrx_word' id='word_1_229' title='bbox 633 4001 739 4078; x_wconf 87' lang='lat' dir='ltr'><strong>audita</strong></span> <span class='ocrx_word' id='word_1_230' title='bbox 749 4029 838 4095; x_wconf 90' lang='lat' dir='ltr'><strong>sunt,</strong></span> <span class='ocrx_word' id='word_1_231' title='bbox 850 4009 904 4078; x_wconf 90' lang='lat' dir='ltr'><strong>sed</strong></span> <span class='ocrx_word' id='word_1_232' title='bbox 916 4032 984 4077; x_wconf 92' lang='lat' dir='ltr'><strong>non</strong></span> <span class='ocrx_word' id='word_1_233' title='bbox 995 4008 1155 4079; x_wconf 91' lang='lat' dir='ltr'><strong>adhuchis</strong></span> <span class='ocrx_word' id='word_1_234' title='bbox 1165 4013 1197 4077; x_wconf 93' lang='lat' dir='ltr'><strong>in</strong></span> <span class='ocrx_word' id='word_1_235' title='bbox 1208 4011 1339 4099; x_wconf 91' lang='lat' dir='ltr'><strong>pulpitis</strong></span> <span class='ocrx_word' id='word_1_236' title='bbox 1352 4029 1516 4101; x_wconf 88' lang='lat' dir='ltr'><strong>prompta,</strong></span> 
     </span>
     <span class='ocr_line' id='line_1_29' title="bbox 354 4123 1518 4230; baseline 0.002 -32"><span class='ocrx_word' id='word_1_237' title='bbox 354 4155 428 4199; x_wconf 91' lang='lat' dir='ltr'><strong>cum</strong></span> <span class='ocrx_word' id='word_1_238' title='bbox 444 4131 572 4230; x_wconf 86' lang='lat' dir='ltr'><strong>bestias,</strong></span> <span class='ocrx_word' id='word_1_239' title='bbox 587 4151 696 4223; x_wconf 88' lang='lat' dir='ltr'><strong>portas</strong></span> <span class='ocrx_word' id='word_1_240' title='bbox 712 4152 743 4201; x_wconf 88' lang='lat' dir='ltr'><strong>et</strong></span> <span class='ocrx_word' id='word_1_241' title='bbox 754 4156 827 4201; x_wconf 92' lang='lat' dir='ltr'><strong>aves</strong></span> <span class='ocrx_word' id='word_1_242' title='bbox 837 4133 1156 4224; x_wconf 89' lang='lat' dir='ltr'><strong>versibusloquentes</strong></span> <span class='ocrx_word' id='word_1_243' title='bbox 1167 4123 1303 4202; x_wconf 87' lang='lat' dir='ltr'><strong>audietis</strong></span> <span class='ocrx_word' id='word_1_244' title='bbox 1314 4134 1518 4224; x_wconf 89' lang='lat' dir='ltr'><strong>laureamque</strong></span> 
     </span>
    </p>
   </div>
   <div class='ocr_carea' id='block_1_3' title="bbox 344 4256 1518 4450">
    <p class='ocr_par' dir='ltr' id='par_1_5' title="bbox 344 4256 1518 4450">
     <span class='ocr_line' id='line_1_30' title="bbox 344 4256 1518 4346; baseline 0.003 -24"><span class='ocrx_word' id='word_1_245' title='bbox 344 4274 526 4341; x_wconf 86' lang='lat' dir='ltr'><strong>merentes,</strong></span> <span class='ocrx_word' id='word_1_246' title='bbox 544 4274 575 4324; x_wconf 92' lang='lat' dir='ltr'><strong>et</strong></span> <span class='ocrx_word' id='word_1_247' title='bbox 594 4256 728 4324; x_wconf 85' lang='lat' dir='ltr'><strong>fortasse</strong></span> <span class='ocrx_word' id='word_1_248' title='bbox 749 4280 856 4326; x_wconf 91' lang='lat' dir='ltr'><strong>versus</strong></span> <span class='ocrx_word' id='word_1_249' title='bbox 879 4276 973 4327; x_wconf 89' lang='lat' dir='ltr'><strong>erunt</strong></span> <span class='ocrx_word' id='word_1_250' title='bbox 995 4258 1196 4342; x_wconf 81' lang='lat' dir='ltr'><strong>martelliani,</strong></span> <span class='ocrx_word' id='word_1_251' title='bbox 1213 4277 1249 4326; x_wconf 93' lang='lat' dir='ltr'><strong>ut</strong></span> <span class='ocrx_word' id='word_1_252' title='bbox 1262 4257 1413 4328; x_wconf 91' lang='lat' dir='ltr'><strong>libentius</strong></span> <span class='ocrx_word' id='word_1_253' title='bbox 1429 4257 1518 4346; x_wconf 89' lang='lat' dir='ltr'><strong>plau-</strong></span> 
     </span>
     <span class='ocr_line' id='line_1_31' title="bbox 356 4371 1193 4450; baseline -0.004 -3"><span class='ocrx_word' id='word_1_254' title='bbox 356 4379 449 4450; x_wconf 80' lang='lat' dir='ltr'><strong>datis,</strong></span> <span class='ocrx_word' id='word_1_255' title='bbox 470 4405 486 4443; x_wconf 84' lang='lat' dir='ltr'><strong>u</strong></span> <span class='ocrx_word' id='word_1_256' title='bbox 1189 4371 1193 4379; x_wconf 51' lang='lat'><strong>,</strong></span> 
     </span>
    </p>
   </div>
   <div class='ocr_carea' id='block_1_4' title="bbox 398 4504 1519 4598">
    <p class='ocr_par' dir='ltr' id='par_1_6' title="bbox 398 4504 1519 4598">
     <span class='ocr_line' id='line_1_32' title="bbox 398 4504 1519 4598; baseline 0.001 -27"><span class='ocrx_word' id='word_1_257' title='bbox 398 4504 437 4572; x_wconf 91' lang='lat' dir='ltr'><strong>ln</strong></span> <span class='ocrx_word' id='word_1_258' title='bbox 450 4525 588 4572; x_wconf 82' lang='lat' dir='ltr'><strong>scaenam</strong></span> <span class='ocrx_word' id='word_1_259' title='bbox 602 4505 689 4574; x_wconf 90' lang='lat' dir='ltr'><strong>enim</strong></span> <span class='ocrx_word' id='word_1_260' title='bbox 708 4507 795 4573; x_wconf 90' lang='lat' dir='ltr'><strong>venit</strong></span> <span class='ocrx_word' id='word_1_261' title='bbox 813 4505 959 4594; x_wconf 90' lang='lat' dir='ltr'><strong>princeps</strong></span> <span class='ocrx_word' id='word_1_262' title='bbox 980 4505 1156 4595; x_wconf 90' lang='lat' dir='ltr'><strong>Tartaglia,</strong></span> <span class='ocrx_word' id='word_1_263' title='bbox 1172 4507 1263 4596; x_wconf 90' lang='lat' dir='ltr'><strong>cujus</strong></span> <span class='ocrx_word' id='word_1_264' title='bbox 1277 4504 1388 4574; x_wconf 88' lang='lat' dir='ltr'><strong>foetida</strong></span> <span class='ocrx_word' id='word_1_265' title='bbox 1411 4507 1519 4598; x_wconf 79' lang='lat' dir='ltr'><strong>anima</strong></span> 
     </span>
    </p>
   </div>
   <div class='ocr_carea' id='block_1_5' title="bbox 393 4768 838 4827">
    <p class='ocr_par' dir='ltr' id='par_1_7' title="bbox 393 4768 838 4827">
     <span class='ocr_line' id='line_1_33' title="bbox 393 4768 838 4827; baseline 0.004 -3"><span class='ocrx_word' id='word_1_266' title='bbox 393 4785 416 4827; x_wconf 78' lang='lat' dir='ltr'><strong>r.</strong></span> <span class='ocrx_word' id='word_1_267' title='bbox 437 4769 539 4824; x_wconf 75' lang='lat' dir='ltr'><strong>i&#39;amor</strong></span> <span class='ocrx_word' id='word_1_268' title='bbox 552 4768 613 4824; x_wconf 79' lang='lat' dir='ltr'><strong>dalla</strong></span> <span class='ocrx_word' id='word_1_269' title='bbox 628 4777 664 4825; x_wconf 79' lang='lat' dir='ltr'><strong>tra</strong></span> <span class='ocrx_word' id='word_1_270' title='bbox 678 4768 838 4826; x_wconf 79' lang='lat' dir='ltr'><strong>atalarancr&#39;e.</strong></span> 
     </span>
    </p>
   </div>
   <div class='ocr_carea' id='block_1_6' title="bbox 0 0 1802 5680">
    <p class='ocr_par' dir='ltr' id='par_1_8' title="bbox 0 0 1802 5680">
     <span class='ocr_line' id='line_1_34' title="bbox 0 0 1802 5680; baseline 0 0"><span class='ocrx_word' id='word_1_271' title='bbox 0 0 1802 5680; x_wconf 95' lang='lat' dir='ltr'><strong> </strong></span> 
     </span>
    </p>
   </div>
  </div>
 </body>
</html>
