3600 5682
495 646 539 692 DE
564 647 702 696 ttnbtco
728 647 888 696 THEATRO
912 647 1003 695 ANTE
1028 649 1252 696 GOLDONIUM.
1419 653 1454 720 13

282 783 483 874 indulgebat,
508 784 658 876 illiusque
680 787 817 854 nimium
839 789 981 876 protervi
1004 787 1084 855 sales
1110 788 1252 856 rnilitum
1273 791 1456 860 tirunculo-

285 909 617 999 rumquecachinnos
639 910 829 992 movebant,
847 935 919 994 nec,
936 913 1004 979 sine
1028 911 1140 994 dubio,
1157 913 1344 982 urbaniores
1367 937 1456 985 erant

285 1032 445 1121 ejusmodi
461 1033 582 1103 facetiae
596 1057 693 1124 quam
704 1033 903 1123 impudentis
914 1035 1096 1103 Turcarum
1111 1063 1128 1100 c<
1146 1038 1335 1126 Karagueuz
1352 1064 1383 1122 a,
1400 1058 1455 1107 aut

284 1157 439 1226 Tabarini
459 1160 625 1226 nostratis.
645 1157 850 1226 Dissolutum
871 1177 980 1225 tamen
999 1157 1114 1226 fabulae
1134 1179 1325 1229 contextum
1344 1185 1380 1229 ac
1394 1161 1455 1229 fre-

285 1300 441 1371 quentem
464 1280 639 1350 verborum
662 1283 876 1350 insulsitatem
903 1282 1053 1351 meliores
1068 1283 1231 1351 interdum
1252 1285 1384 1372 judices,
1405 1309 1455 1354 ac·

285 1407 384 1476 tionis
407 1409 522 1496 gratia,
547 1407 848 1496 praetermittebant,
873 1430 1014 1496 namque
1037 1407 1082 1475 illi
1104 1405 1257 1476 ferventis
1283 1427 1374 1476 terrae
1400 1410 1456 1477 filii

286 1532 402 1597 miram
421 1550 572 1619 gestuum
587 1530 785 1598 alacritatem
799 1531 834 1597 in
849 1532 953 1598 mimo
968 1531 1095 1617 agendo
1110 1531 1270 1600 habebant
1283 1545 1307 1600 ¹.

330 1655 406 1736 Qua
425 1655 584 1743 praecipue
607 1656 727 1722 virtute
746 1653 916 1722 valuerunt
940 1656 1037 1723 italici
1056 1657 1230 1722 histriones
1254 1656 1339 1745 apud
1364 1681 1456 1747 pere-

285 1779 393 1866 grinas
407 1797 533 1864 gentes,
550 1802 688 1868 quarum
704 1777 847 1868 plerique
866 1796 1062 1867 spectatores
1082 1781 1249 1868 agentium
1269 1804 1457 1848 sermonem

287 1903 394 1968 minus
412 1901 645 1990 intelligebant.
670 1901 733 1970 Sed
756 1901 925 1992 quomodo
948 1904 1107 1970 resisteres
1130 1921 1243 1970 contra
1265 1923 1334 1971 tam
1352 1907 1458 1972 varios

286 2028 351 2094 oris
371 2046 572 2111 contractus,
594 2045 662 2094 tam
686 2028 807 2095 subitas
828 2025 937 2094 vultus
961 2029 1172 2112 mutationes,
1189 2048 1255 2096 tam
1279 2029 1457 2098 concordes

286 2151 451 2234 variorum
464 2153 612 2218 actorum
629 2151 759 2238 motus?
773 2151 846 2238 Ipse
860 2151 969 2232 etiam,
987 2169 1024 2218 ut
1038 2153 1143 2234 aiunt,
1154 2151 1457 2221 infansLudovicus

288 2275 431 2342 decimus
453 2275 587 2364 quartus
607 2296 674 2341 non
694 2297 728 2340 se
749 2277 917 2342 continere
930 2274 1042 2356 valuit,
1059 2298 1198 2366 cumque
1214 2276 1292 2344 olim
1313 2277 1348 2344 in
1361 2301 1458 2344 cuna-

287 2397 369 2466 bulis
384 2397 536 2486 ploraret,
554 2397 722 2485 cujusdam
736 2396 932 2465 celeberrimi
953 2399 1119 2467 histrionis
1138 2398 1265 2482 italici²,
1283 2401 1351 2491 qui,
1368 2403 1459 2468 venia

286 2545 305 2589 a
321 2523 429 2610 regina
444 2527 547 2590 matre
560 2521 646 2603 dara,
657 2524 764 2610 ipsum
774 2523 846 2588 sinu
857 2522 1045 2611 complexus
1055 2543 1134 2607 erat,
1145 2525 1219 2590 visis
1231 2524 1376 2592 moribus
1391 2526 1457 2592 oris

288 2645 439 2730 ridiculis,
453 2648 596 2734 primum
610 2645 741 2734 regulus
756 2647 855 2714 tacuit
873 2666 904 2714 er
920 2670 998 2714 mox
1017 2647 1052 2714 in'
1066 2647 1239 2714 cachinnos
1258 2647 1378 2714 effusus
1393 2669 1454 2717 est.

332 2873 542 2942 Comoediam
558 2875 629 2942 dell'
644 2886 709 2943 arte
729 2875 899 2962 agentibus
921 2898 958 2941 ex
972 2875 1151 2963 improviso
1169 2874 1258 2965 loqui
1279 2876 1456 2963 praesertim

287 2998 420 3066 solitum
432 3017 513 3080 erat,
526 3017 620 3086 poeta
634 3000 679 3064 rei
692 2997 841 3086 gerendae
856 3016 1047 3064 contextum
1062 3016 1190 3064 tantum
1207 3017 1238 3067 et
1254 3000 1345 3088 quasi
1361 2997 1458 3066 linea-

288 3141 398 3189 menta
420 3120 569 3189 docente.
587 3121 704 3189 Fabula
726 3120 917 3210 plerumque
939 3120 1040 3189 tribus
1055 3122 1154 3189 divisa
1177 3142 1243 3190 erat
1264 3123 1389 3190 actibus
1409 3147 1457 3205 ac,
1547 3168 1552 3208 ·,

283 3268 360 3312 ,cum
376 3269 529 3334 personas
544 3245 603 3312 sibi
618 3247 692 3334 ipsis
707 3245 843 3328 tradere,
860 3245 1006 3313 demissis
1021 3246 1166 3330 habeniS,
1183 3266 1297 3315 auctor
1311 3247 1459 3316 intende-

287 3369 352 3451 bat,
365 3370 414 3436 bis
429 3369 534 3436 verbis
544 3369 712 3458 utebatur:
735 3397 751 3434 «
765 3370 868 3436 Scena
882 3393 977 3436 come
992 3393 1059 3436 va»
1074 3383 1096 3438 ³.
1109 3372 1296 3438 Postscaenii
1310 3371 1458 3460 postibus

287 3493 499 3582 affigebantur
515 3494 582 3562 duo
595 3493 708 3561 fabulae
723 3493 930 3581 exemplaria,
946 3517 1088 3582 quorum
1108 3517 1212 3560 unum
1232 3513 1287 3561 aut
1307 3494 1457 3578 alterum,

292 3661 502 3674 ..Ἡ

284 3821 287 3826 ¹
327 3767 349 3808 1.
362 3752 424 3826 Vid.
437 3752 470 3807 de
480 3751 575 3806 italicis
585 3752 736 3806 actoribus:
750 3739 1003 3814 Saint-Evremond‚
1015 3750 1057 3802 Da
1067 3749 1207 3804 lacomldia
1217 3751 1338 3804 italienna
1348 3751 1456 3824 (1677);

289 3841 406 3909 Grimm,
419 3841 535 3913 Corrup.
547 3841 632 3912 ge'ndr.
646 3838 751 3911 (1764),
768 3838 817 3894 Ed.
830 3839 987 3904 Tuumeux,
1000 3839 1034 3904 V,
1046 3856 1072 3909 p.
1085 3853 1153 3908 4323
1167 3839 1363 3905 Bachauntont,
1377 3841 1455 3896 Mam.

288 3939 383 3996 secreta,
398 3931 508 4002 passim,
529 3947 559 3982 ac
579 3930 727 3999 praesertim
742 3927 805 3998 quid
827 3926 859 3980 de
874 3925 994 3981 Collalto
1014 3926 1110 3981 dixerit
1131 3927 1283 3982 Goldonius
1301 3930 1458 3998 (Mintor'res,

289 4020 324 4085 11,
344 4021 416 4089 113).

325 4153 350 4192 2.
371 4132 579 4190 Scaramouche.
604 4151 617 4182 u
636 4130 657 4184 Il
680 4129 793 4184 s'oublia
813 4131 903 4183 meme
921 4129 987 4183 dans
1010 4146 1051 4183 ses
1072 4128 1165 4199 langes
1184 4143 1209 4182 et
1229 4147 1330 4200 prouva
1350 4131 1418 4185 ainsi
1443 4135 1458 4185 a

289 4225 486 4279 Scaramouche
501 4221 565 4292 qu’il
580 4223 650 4274 avait
670 4221 691 4273 ri
712 4217 850 4289 jusqu‘aux
870 4218 976 4274 larmes.
993 4239 1007 4268 »
1028 4219 1101 4287 (Em.
1120 4219 1304 4288 Campardon,
1320 4220 1366 4273 las
1383 4221 1460 4274 amni·

288 4314 358 4367 diens
371 4314 406 4366 da
419 4314 460 4366 roi
473 4313 502 4365 de
516 4312 542 4364 la
555 4319 642 4381 troops
656 4308 787 4362 italicam.
805 4309 889 4400 Pam,
909 4307 1003 4377 1880.)

326 4445 349 4500 3.
371 4429 437 4500 Ipsae
452 4427 573 4480 cantibus
593 4436 694 4478 ornatae
714 4422 821 4489 fabulae,
841 4441 900 4494 quae
923 4425 1078 4493 «operas»
1099 4436 1239 4490 vocantur,
1257 4441 1289 4476 ex
1308 4425 1459 4493 improviso

289 4518 370 4571 etiam
389 4517 549 4587 agebantur.
575 4513 680 4566 Printus
704 4512 808 4582 scripsit
831 4511 939 4565 Rossini
968 4512 1078 4564 musicae
1106 4522 1160 4564 suae
1186 4524 1361 4577 ornamenta,
1387 4529 1457 4583 quae,

288 4616 397 4676 propter
419 4603 488 4656 hanc
510 4618 629 4668 causam,
653 4602 770 4654 nimium
795 4599 971 4654 redundantia
991 4600 1126 4654 interdum
1146 4601 1280 4664 videntur,
1304 4616 1458 4673 quanquam

288 4694 422 4766 prioribus
443 4693 583 4762 incognita
603 4691 790 4744 moderatione
811 4706 873 4743 usus
896 4700 944 4744 est.
965 4687 1123 4758 (Stendhal,
1147 4689 1190 4741 Via
1212 4689 1242 4742 de
1263 4691 1376 4764 Rossini,
1398 4706 1457 4758 cap.

289 4783 419 4854 xxxta.)
