3600 5682
545 639 718 694 Quattwrt
742 639 789 688 AD
813 641 965 690 LITTERAS*
981 638 1161 688 PERTINET.
1387 640 1431 704 '29

268 775 309 844 de
323 776 399 846 cibis
411 777 563 846 vorandis
576 797 764 847 constanter
777 777 934 870 loquitur,
950 801 1025 846 cum
1042 775 1227 845 mulieribus
1241 778 1338 845 etiam
1359 799 1433 866 pro·

267 919 375 968 cervus
388 924 543 991 erumque
556 903 672 991 pugnis
687 901 904 972 contundens.
924 903 998 970 Una
1012 903 1046 968 in
1062 901 1235 983 comoedia,
1254 921 1290 970 ut
1313 902 1433 970 Panta-

266 1025 376 1093 lonem
399 1025 540 1108 deludat,
566 1028 600 1095 iu
624 1017 754 1114 nigrum
778 1027 963 1108 hominem,
987 1028 1020 1094 in
1044 1045 1201 1108 statuam,
1225 1050 1297 1115 quae
1320 1026 1433 1094 oculos

267 1148 357 1230 fallit,
375 1151 409 1217 in
430 1172 556 1218 osseam
575 1151 694 1218 larvam
715 1167 872 1230 mutatur,
892 1173 928 1218 ac
951 1151 1107 1218 miserum
1132 1149 1344 1218 Pantalonem
1367 1149 1434 1218 fus·

266 1273 351 1342 tibus
365 1273 497 1342 tandem
511 1277 656 1364 castigat.
676 1302 693 1340 u

311 1397 376 1465 Cui
391 1400 475 1466 serio
489 1422 586 1488 agens
599 1422 736 1489 persona
755 1399 923 1489 quaedam¹
939 1399 983 1466 sic
997 1397 1172 1488 respondet
1189 1422 1197 1464 :
1218 1437 1261 1450 -
1283 1424 1299 1462 α
1318 1397 1433 1466 Nolim

266 1521 410 1591 arbitrari
423 1542 456 1590 et
468 1525 504 1591 in
520 1523 610 1591 Italia
624 1524 774 1592 homines
787 1524 902 1592 doctos
918 1541 1142 1613 emunctaeque
1157 1523 1241 1590 naris
1256 1522 1297 1590 de
1316 1522 1432 1590 talibus

266 1647 389 1714 miseris
410 1646 512 1714 ridere
537 1648 701 1735 nugis.....
726 1648 784 1716 Est
806 1649 894 1716 enim
917 1646 1084 1737 quoddam
1108 1644 1248 1718 nobilius
1263 1645 1432 1714 comoediae

265 1794 380 1858 genus,
397 1771 485 1860 quod
499 1770 675 1839 verborum
688 1771 808 1860 lepore,
821 1773 942 1858 argutis
958 1771 1049 1859 jocis,
1062 1770 1183 1859 ingenii
1194 1768 1298 1839 nitido
1308 1771 1431 1858 impetu

264 1895 379 1982 placet,
398 1893 541 1984 nihilque
555 1917 731 1963 commune
746 1894 841 1964 habet
854 1917 931 1963 cum
944 1897 1009 1964 isto
1025 1895 1141 1964 humili
1160 1893 1366 1985 obscenoque
1383 1897 1432 1982 jo·

265 2018 359 2086 candi
372 2042 501 2107 genere,
518 2043 537 2087 a
550 2019 730 2088 vernilitate
742 2039 798 2087 aut
810 2019 945 2088 stultitia
961 2039 1048 2089 orto.
1066 2020 1173 2088 Nimis
1188 2019 1292 2088 adhuc
1306 2018 1431 2088 adules-

265 2143 411 2210 centulus
438 2145 658 2233 peregrinatus
680 2166 726 2225 es,
757 2167 817 2211 nec
840 2143 915 2211 satis
940 2164 1033 2211 antea
1056 2142 1207 2211 studuisti
1214 2169 1224 2226 ;
1252 2144 1301 2210 sin
1326 2143 1429 2225 aliter,

247 2284 250 2288 ·
265 2270 371 2334 minus
388 2267 446 2334 tibi
461 2267 618 2335 Italorum
631 2267 840 2337 Arlecchiuus
856 2266 1069 2356 placuisset²l
1092 2293 1108 2332 u

813 2596 880 2688 §3-

309 2849 355 2915 Ea
382 2845 478 2915 verba
505 2847 565 2917 sibi
594 2847 654 2936 ipsi
681 2869 821 2930 sumere,
851 2848 968 2936 partim
996 2845 1123 2930 saltem,
1148 2849 1296 2938 scriptori
1318 2848 1427 2933 licuit3

265 2972 352 3064 quod
372 2973 396 3040 si
421 2972 508 3070 enim
527 2971 565 3041 ab
585 2971 777 3038 Arlecchino
798 2994 867 3038 non
881 2969 1109 3054 delectabatur,
1126 2971 1159 3042 id
1181 2975 1289 3062 potius
1309 2992 1430 3042 naturae

264 3120 360 3185 quam
384 3096 493 3167 studio
521 3094 729 3166 tribuendum
754 3115 832 3164 erat.
861 3095 974 3163 Multis
998 3095 1128 3184 objecto
1153 3097 1277 3164 casibus
1301 3097 1429 3166 adules-

264 3223 348 3289 centi
369 3223 475 3288 otium
496 3218 638 3288 defuerat
658 3222 835 3312 quominus
855 3220 950 3289 bonis
969 3220 1202 3309 exemplaribus
1220 3220 1427 3304 formaretur,
1527 3229 1534 3242 '

262 3370 398 3435 eamque
411 3345 558 3413 lacunam
578 3347 604 3412 si
620 3345 762 3436 quodam
778 3343 880 3412 modo
900 3345 1025 3436 explere
1043 3346 1078 3412 in
1098 3346 1192 3414 rebus
1211 3345 1429 3435 concipiendis

262 3470 373 3552 valuit,
391 3472 425 3537 in
441 3468 614 3537 efficiendis
629 3488 738 3536 autem
751 3470 799 3536 vis
814 3467 859 3534 illi
874 3491 1111 3558 nonnunquam
1126 3468 1252 3551 defecit,
1269 3487 1428 3559 quantum

264 3597 419 3688 praecipue
437 3593 478 3661 ad
498 3594 608 3661 stilum
629 3609 760 3682 spectat.
787 3594 867 3661 Non
888 3617 940 3659 me
959 3593 1091 3683 quidem
1107 3593 1190 3681 fugit
1214 3617 1312 3684 quam
1336 3613 1429 3661 caure

261 3739 328 3790 tam
345 3717 481 3788 difficilis
496 3720 640 3786 materies
657 3718 853 3806 aperegrino
863 3716 1076 3804 aggredienda
1088 3720 1142 3800 sit,
1154 3741 1218 3786 una
1226 3738 1338 3786 tamen
1347 3741 1428 3786 voce

261 3843 302 3911 de
324 3843 387 3911 hoc
406 3842 606 3931 grammatici
625 3840 720 3910 italici
743 3840 925 3932 loquuntur
944 3860 978 3909 et
1000 3864 1091 3909 reum
1112 3843 1220 3930 ipsum
1241 3843 1275 3908 in
1295 3840 1353 3909 hac
1372 3841 1428 3909 lite

262 3967 475 4037 confitentem
491 3964 665 4034 habemus³
685 3991 692 4032 ε
906 4039 909 4047 ,

263 4134 266 4140 -
308 4119 324 4155 κ
342 4093 390 4158 Ex
404 4092 465 4173 his,
482 4092 537 4171 ait,
555 4113 627 4180 quae
641 4090 720 4157 mihi
734 4090 814 4160 vitio
829 4090 1039 4159 veliementer
1053 4089 1271 4169 vertebantur,
1288 4091 1427 4156 maxima

261 4213 470 4302 objiciebatur
479 4214 571 4303 culpa
586 4215 739 4281 nonsatis
754 4237 870 4303 purum
881 4237 949 4280 esse
963 4236 1165 4299 sermonem;
1178 4209 1268 4301 quod
1284 4233 1352 4278 non
1368 4213 1425 4279 mi·

262 4339 410 4407 randum.
427 4339 571 4406 Venetiis
588 4339 675 4405 enim
696 4356 802 4420 natus,
818 4360 893 4404 cum
909 4338 1041 4405 nutricis
1057 4337 1137 4404 lacte
1156 4334 1424 4403 consuetudinem

300 4596 322 4637 1.
344 4577 444 4634 Milord
459 4578 556 4636 Bonfil.

297 4693 321 4736 2,
344 4676 457 4741 Pamela,
473 4688 525 4733 act.
541 4678 564 4741 1,
579 4693 616 4733 sc.
634 4675 674 4734 16.
701 4733 703 4739 Α

299 4792 321 4846 3.
343 4775 487 4840 Mimoires,
501 4786 520 4831 t.
536 4775 571 4840 11,
587 4792 613 4845 p.
631 4774 691 4840 264.
