3588 5680
506 654 549 702 DE
576 655 750 704 Gotoottlo
775 655 963 704 GALLORUM
989 655 1190 705 lMlTATOllE.
1372 655 1429 703 121

264 801 428 867 materiam
443 798 581 866 omnino
598 799 772 882 omisisset,
788 818 842 866 aut
859 799 1056 888 hispanicam
1070 797 1208 866 fabulam
1224 797 1317 888 plane
1333 815 1433 866 trans·

264 924 400 1007 tulisset,
416 924 551 1008 nedum,
572 924 680 989 nimiae
699 925 910 992 correctionis
931 939 1069 1008 amator,
1090 925 1214 1006 omnia,
1235 925 1341 991 nervis
1360 923 1433 991 viri-

263 1052 386 1141 busque
408 1048 534 1132 fractis,
560 1065 728 1117 mutasset.
751 1051 891 1119 Necesse
914 1049 1014 1131 enim,
1039 1051 1066 1118 si
1094 1051 1165 1141 quis
1189 1049 1284 1137 hujus
1308 1051 1433 1139 generis

263 1201 345 1269 opus
367 1174 564 1265 aggreditur,
578 1193 615 1242 ut
636 1196 675 1242 eo
700 1155 848 1265 tempore
870 1177 970 1260 vivat,
992 1200 1058 1267 quo
1086 1176 1233 1264 religiosa
1253 1174 1333 1245 fides
1357 1177 1433 1244 vali-

263 1301 391 1372 dissima
404 1300 533 1382 floreat,
548 1300 630 1368 sicut
647 1299 680 1366 in
697 1299 862 1388 Hispania,
875 1300 1024 1391 Philippo
1041 1300 1183 1376 secundo
1200 1319 1369 1390 regnante,
1379 1319 1433 1369 aut

263 1425 475 1518 philosophus
496 1425 551 1508 sit,
567 1425 797 1514 superstitione
816 1425 951 1492 minime
971 1424 1127 1508 imbutus,
1148 1423 1248 1515 qualis
1272 1426 1339 1515 ipse
1359 1426 1433 1493 Mo·

263 1551 370 1635 lierus,
401 1552 455 1642 qui
486 1548 584 1619 talem
614 1550 781 1618 materiam
810 1569 846 1619 ut
870 1573 997 1619 merum
1022 1549 1179 1620 scribendi
1204 1570 1432 1642 argumentum

263 1678 413 1767 sumpsit,
429 1677 578 1745 liberiore
595 1677 697 1746 modo
712 1676 928 1746 tractandum.

308 1909 396 1978 Cum
409 1908 549 1979 Moliero
565 1911 683 1980 iterum
697 1933 889 1999 congressus
898 1930 944 1980 est
961 1910 1145 1981 Goldonius
1157 1914 1188 1979 in
1201 1912 1367 1980 nonnullis
1380 1936 1432 1980 co-

262 2036 392 2104 moediis
411 2037 559 2104 Avarum
579 2037 795 2118 imitantibus,
818 2061 953 2127 quarum
973 2039 1141 2106 notissima
1159 2039 1290 2106 titulum
1310 2036 1429 2105 habet:

266 2161 381 2230 Verum
395 2162 564 2243 amicum1,
580 2159 634 2228 ubi
651 2160 717 2228 duo
733 2160 884 2230 videntur
898 2161 1005 2243 amici,
1023 2185 1163 2251 quorum
1177 2159 1255 2230 alter
1267 2162 1358 2230 alteri
1371 2162 1432 2229 vir·
1509 2197 1511 2200 ·

262 2286 387 2375 ginem,
409 2286 494 2354 avari
517 2284 683 2373 cujusdam
709 2284 822 2370 filiam,
839 2284 877 2353 ab
903 2307 1043 2377 utroque
1065 2306 1205 2356 amatam
1229 2285 1325 2355 cedit.
1353 2285 1433 2355 Cul-

263 2408 386 2500 pandus
402 2409 531 2502 quidem
548 2428 595 2478 est
610 2411 761 2501 scriptor,
782 2411 837 2502 qui
861 2411 899 2479 ad
923 2411 1085 2503 duplicem
1106 2410 1245 2480 fabulam
1270 2429 1431 2481 attentum

262 2532 331 2602 fore
344 2553 557 2626 spectatorem
572 2539 723 2626 speravit,
740 2535 819 2606 dum
838 2536 977 2606 flebilem
1000 2537 1173 2628 quamdam
1196 2540 1358 2605 actionem
1380 2561 1433 2605 co·

263 2668 349 2735 mico
365 2679 559 2752 argumento
574 2663 684 2730 assuit.
709 2661 812 2750 Magis
832 2660 967 2731 fortasse
992 2660 1149 2730 Goldonii
1171 2660 1345 2752 aequalibus
1369 2661 1433 2751 pla-

263 2789 353 2860 cebat
369 2789 509 2857 amicum
534 2788 628 2854 amici
650 2787 753 2875 gratia
774 2786 814 2854 de
835 2809 945 2855 amore
963 2788 1151 2876 generosius
1170 2785 1337 2871 desistere,
1357 2807 1432 2854 cum

264 2912 357 2982 nobis
372 2912 503 3002 majoris
517 2910 668 3002 ponderis
683 2910 827 2980 videatur
842 2913 927 2981 avari
941 2910 1085 2994 Octavii,
1098 2911 1249 2982 Rosaurae
1259 2913 1368 3002 patris,
1386 2913 1433 2978 in-

263 3040 372 3112 dolem
389 3040 564 3110 observari.

278 3195 280 3200 ·
308 3163 478 3258 Quidquid
492 3165 525 3234 id
540 3181 600 3250 est,
616 3164 717 3256 liquet
733 3182 844 3233 tamen
862 3163 1065 3233 Goldonium
1082 3165 1114 3231 in
1131 3161 1322 3233 illustrando
1336 3163 1433 3230 Avari

263 3293 373 3359 animo
397 3289 572 3360 Molierum
597 3291 727 3357 vincere
752 3289 936 3358 tentavisse.
964 3291 1076 3358 Primo
1100 3309 1171 3357 actu
1196 3290 1283 3356 enim
1305 3276 1432 3377 apparet

265 3415 435 3500 Octavius,
460 3416 515 3507 qui
538 3415 707 3484 laceratam
728 3412 871 3481 chartam
895 3412 988 3481 humi
1012 3417 1170 3503 jacentem
1190 3411 1360 3499 recolligit,
1383 3410 1432 3476 vel

264 3544 399 3610 minima
414 3542 486 3609 usui
505 3539 616 3608 futuro
636 3537 790 3608 servanda
813 3558 942 3630 putans,
960 3558 991 3607 et
1013 3561 1141 3607 servum
1165 3536 1365 3627 Trappolam
1384 3537 1432 3603 in·

263 3685 382 3759 crepat,
399 3665 487 3757 quod
502 3689 545 3732 aes
560 3688 654 3732 suum
671 3665 715 3732 rei
732 3663 918 3735 domesticae
932 3660 1193 3732 administrandae
1208 3659 1368 3749 prodigat.
1381 3660 1434 3727 Ne

264 3817 280 3860 a
304 3788 534 3860 mercatoribus
560 3787 735 3874 fraudetur,
766 3787 974 3857 venditorum
1005 3810 1145 3855 ovorum
1175 3786 1432 3878 magnitudinem

264 3915 361 3983 anulo
384 3937 421 3982 ea
443 3930 572 3982 tantum
596 3912 635 3981 de
659 3935 752 3980 causa
773 3912 858 3979 facto
881 3915 1065 4001 experitur;
1091 3910 1180 3980 fusos
1206 3913 1274 4001 ipse
1303 3928 1432 4001 torquet

263 4043 296 4108 in
312 4038 521 4124 ambuland0,
538 4038 644 4106 nevel
663 4038 798 4105 minima
818 4039 972 4125 temporis
988 4061 1060 4127 pars
1074 4013 1190 4106 frustra
1209 4053 1432 4115 consumatur,

263 4159 1431 4257 dumquecolloquitur,candelamexstinguit,necitius,flanteventulo‚

264 4294 463 4363 absumatur.

208 4399 216 4414 ⁴
309 4421 408 4488 Dives
429 4418 575 4508 quamvis
599 4418 653 4498 sit,
668 4414 848 4485 indotatam
871 4399 970 4483 filiam
986 4432 1126 4503 nuptum
1141 4411 1299 4480 collocare
1314 4428 1431 4492 tentat,

264 4567 405 4635 cumque
432 4541 563 4626 Laelius,
594 4542 648 4632 qui
673 4541 832 4628 virginem
855 4540 981 4631 petivit,
1007 4538 1051 4606 rei
1075 4536 1237 4606 familiaris
1263 4532 1433 4601 mediocri·

302 4846 325 4887 1.
347 4829 372 4882 ll
385 4845 444 4882 uero
458 4828 547 4882 amico.
