3600 5682
358 629 396 714 36
537 647 581 692 ua
605 645 783 694 oornouro
809 645 950 694 inaurea
974 645 1095 694 scieura
1119 645 1342 695 correctore

355 807 414 874 pro
427 782 562 873 prandio
576 784 722 853 versiculi
740 802 828 867 sunt,
844 785 987 876 dumque
1002 783 1127 854 divitias
1141 783 1315 879 cogitando
1331 786 1514 876 permiscet,

355 932 528 999 purpuram
557 933 592 978 ac
618 911 805 997 margaritas
832 908 986 1000 prodigus
1016 907 1173 993 funditat,
1199 933 1298 979 unam
1326 910 1422 980 habet
1449 933 1519 979 ves·

355 1054 435 1120 tem,
455 1036 545 1122 cujus
563 1034 738 1104 limborum
758 1035 848 1104 color
873 1035 1038 1105 obsoletus
1057 1054 1090 1104 et
1112 1055 1214 1107 trama
1234 1055 1362 1106 tantum
1382 1035 1514 1128 reliqua.

355 1162 515 1230 Laborem
529 1184 607 1230 vero
624 1162 670 1231 ob·
679 1163 860 1252 superbiam
875 1181 1099 1244 contemnens,
1115 1163 1149 1231 in
1163 1162 1386 1252 thermopoliis
1400 1163 1518 1251 primas

353 1286 414 1356 diei
443 1289 555 1373 horas,
578 1287 933 1380 postmeridianumque
960 1306 1086 1378 tempus
1109 1289 1143 1356 in
1168 1286 1309 1380 quodam
1333 1286 1515 1358 academico

354 1412 581 1481 conventiculo
602 1414 680 1501 agit,
700 1412 740 1480 de
758 1413 932 1503 puerilibus
951 1414 1046 1501 nugis
1065 1435 1140 1481 cum
1160 1411 1304 1503 ejusdem
1323 1412 1414 1482 modi
1433 1412 1517 1483 litte·

354 1539 427 1604 ratis
452 1536 638 1627 disputans,
672 1537 848 1628 quadrante
870 1537 962 1622 ¹vivit,
989 1560 1086 1630 quem
1104 1560 1172 1606 non
1195 1539 1264 1606 sine
1287 1561 1361 1606 cura
1386 1536 1517 1606 cottidie

353 1661 499 1730 obtinere
524 1681 642 1752 potest.
661 1663 746 1730 Huic
772 1681 880 1731 tamen
904 1664 1017 1753 saepius
1037 1662 1154 1731 nobilis
1175 1664 1289 1752 origo;
1310 1661 1516 1732 familiaribus

351 1804 461 1855 autern
477 1788 576 1877 copiis
591 1787 711 1870 effusis,
727 1787 810 1856 aedes
825 1807 952 1858 tantum
967 1789 995 1856 ei
1009 1808 1194 1878 supersunt,
1210 1787 1378 1880 quondam
1393 1789 1515 1879 magni·

352 1910 434 1994 ficae,
458 1911 512 1982 sed
537 1937 609 2004 quae
634 1907 743 2003 legum
766 1914 994 1983 interdictione
1014 1911 1205 1982 venumdari
1224 1936 1293 1982 non
1315 1932 1512 2005 potuerunt3

353 2034 509 2129 quidquid
530 2060 608 2107 vero
623 2039 710 2107 intus
732 2055 798 2106 erat
817 2061 948 2107 summo
968 2037 1089 2106 faenore
1107 2037 1191 2128 apud
1211 2038 1385 2108 creditores
1404 2040 1514 2129 pigne·

351 2180 457 2230 ratum
472 2180 531 2230 est.
550 2162 692 2252 Singulae
706 2163 820 2231 clausae
833 2183 910 2232 sunt
923 2162 1082 2246 fenestrae,
1096 2164 1318 2255 immensaque
1328 2164 1407 2232 atria
1417 2186 1514 2232 vacua

349 2306 495 2369 manent,
512 2286 591 2356 dum
604 2289 637 2354 in
653 2287 726 2356 loco
741 2287 884 2379 quodam
899 2306 1022 2357 secreto
1037 2289 1135 2357 miser
1147 2287 1280 2377 grabato
1296 2293 1390 2380 jacet,
1406 2288 1515 2379 pedes·

348 2434 411 2504 que
426 2429 598 2503 concerpta
616 2409 747 2481 linteola
765 2411 994 2482 transfodiunt.

391 2537 537 2606 Divitem
560 2538 656 2607 etiam
678 2540 756 2627 agir,
778 2538 923 2607 honestae
946 2540 972 2607 si
991 2540 1105 2629 speciei
1128 2537 1249 2621 credas,
1270 2539 1422 2630 quodque
1443 2562 1511 2607 ves-

345 2662 424 2730 titus
435 2681 522 2732 extra
532 2682 661 2753 apparet
671 2665 790 2732 intimo
800 2682 848 2732 est
862 2663 991 2748 melius3
1005 2687 1114 2732 servus
1126 2664 1312 2746 comitatur,
1323 2664 1443 2731 misero
1453 2665 1513 2730 mi-

344 2789 445 2855 serior
464 2811 521 2856 ero
541 2806 573 2857 et
592 2786 701 2857 fraude
718 2790 819 2858 vitam
834 2810 990 2880 quaerens.
1009 2789 1098 2856 Cum
1117 2788 1216 2856 instat
1229 2786 1341 2871 fames,
1356 2789 1511 2877 parasitus

344 2912 380 2981 fit
397 2931 520 2995 noster,
532 2915 623 3002 cujus
637 2913 832 3004 inexplebilis
842 2933 956 2982 venter
970 2913 1080 2982 alienis
1095 2914 1215 2982 mensis
1230 2912 1439 3004 amplitudine
1450 2914 1510 2980 mi-

344 3039 504 3106 rationem
523 3056 646 3107 movet.
665 3038 752 3107 Cum
766 3037 899 3123 luditur,
917 3038 1043 3107 lucrum
1060 3038 1164 3106 facere
1182 3061 1324 3129 sperans,
1343 3038 1508 3108 fortunam

344 3186 582 3254 nonnunquam
597 3163 743 3256 adjuvat3
760 3165 786 3232 si
799 3162 985 3253 perdiderit,
997 3164 1036 3232 ad
1052 3163 1246 3234 solvendum
1260 3167 1395 3255 pecunia
1406 3163 1505 3233 deest.

342 3287 561 3359 Misericordia
590 3309 699 3358 tamen
726 3288 766 3358 ad
789 3313 952 3359 summam
976 3314 1073 3380 quam
1102 3290 1335 3381 vituperatione
1365 3287 1506 3379 dignior,

341 3406 504 3506 Italiaeque
516 3416 615 3505 ipsius
628 3415 753 3498 similis,
770 3434 903 3485 externo
918 3417 1084 3484 servientis
1104 3416 1253 3498 domino,
1270 3416 1339 3506 qui,
1356 3416 1415 3484 etsi
1430 3438 1507 3483 con·

341 3558 497 3629 temptus,
512 3539 558 3609 illi
579 3542 701 3631 positus
720 3541 753 3609 in
772 3539 892 3610 laenore
911 3560 970 3611 est.
989 3543 1100 3625 Quem
1120 3561 1195 3608 curn
1214 3538 1371 3631 depellere
1389 3538 1506 3631 nequi-

340 3649 434 3750 uerit,
451 3664 576 3756 singula
589 3689 774 3756 recuperare
788 3665 847 3736 sibi
862 3686 950 3757 rapta
964 3684 1079 3751 tentat,
1095 3667 1292 3756 ingenioque
1308 3663 1389 3734 fidit.

384 3911 473 3983 Talis
488 3934 535 3983 est
556 3916 696 3984 Marcius
708 3929 732 4001 ¹,
747 3913 863 3984 nobilis
878 3916 1114 4007 neapolitanus,
1131 3917 1275 3984 Veneriis
1289 3938 1400 4005 agens,
1420 3936 1506 3982 sum·

342 4091 550 4104 a*

377 4209 400 4252 1.
424 4214 437 4244 a
452 4194 516 4249 Don
530 4193 633 4248 Marzio
646 4214 660 4245 n
679 4196 707 4248 in
726 4195 764 4249 La
782 4195 880 4266 bottega
896 4195 936 4248 del
954 4196 1025 4267 caffd,
1044 4211 1125 4266 quarn
1142 4192 1211 4248 forte
1227 4190 1348 4247 fabulam
1371 4189 1506 4248 Voltarius

338 4276 448 4355 legerat,
466 4298 528 4335 curn
543 4282 709 4336 comoediam
725 4282 939 4350 celeberrimam,
956 4285 999 4339 cui
1012 4279 1104 4337 titulus
1117 4301 1123 4336 :
1139 4267 1302 4348 L'liaosmire,
1316 4282 1430 4352 scripsit.
1448 4281 1506 4335 Nec

339 4376 413 4426 enlm
430 4370 546 4426 multum
566 4369 704 4426 dissimilis
722 4371 839 4426 Marcius
858 4372 990 4439 Frelonis,
1010 4384 1040 4426 ut
1059 4370 1112 4425 alia
1126 4387 1250 4443 persona,
1271 4371 1419 4436 Fabricius,
1436 4368 1505 4424 Gol-

338 4460 412 4515 donii
427 4459 593 4533 Ridolphum
607 4460 635 4513 in
651 4463 812 4516 memoriam
826 4475 942 4519 revocat.
958 4461 1078 4515 Odiosus
1092 4473 1183 4515 autem
1199 4460 1288 4526 Frelo,
1306 4460 1371 4514 dum
1386 4461 1504 4516 Marcius

338 4562 394 4599 non
404 4545 471 4600 bene
481 4547 603 4600 conscius
612 4545 770 4616 plerumque
782 4558 883 4618 peccat.
894 4545 970 4615 (Vid.
982 4532 1144 4624 L’Etossaise,
1157 4562 1188 4600 ac
1198 4545 1345 4616 praesertim
1355 4543 1413 4598 haec
1423 4544 1504 4597 verba

338 4636 485 4705 prooemii:
503 4657 513 4685 a
527 4635 652 4691 L’auteur
666 4636 740 4706 peint
752 4635 778 4689 la
792 4648 896 4703 nature,
908 4637 953 4707 qui
969 4646 1009 4690 est
1022 4646 1130 4707 partout
1144 4635 1169 4688 la
1184 4636 1283 4691 meme.
1299 4633 1326 4688 Π
1338 4650 1354 4688 a
1369 4633 1394 4688 la
1407 4627 1506 4687 naivctc'

337 4732 359 4778 at
373 4725 399 4778 la
411 4727 490 4780 virili
503 4727 532 4780 de
546 4721 691 4782 l’cstr'mable
705 4723 823 4794 Goldona',
840 4743 903 4781 avec
918 4726 977 4800 plus
993 4727 1146 4798 d’intrigue,
1159 4725 1192 4779 de
1205 4723 1279 4780 force
1291 4736 1316 4780 et
1331 4724 1464 4779 d'inreret,
1476 4723 1506 4792 n)

337 4801 494 4870 L'lirossaisc
507 4816 602 4886 (1760)
616 4815 709 4872 decem
725 4818 803 4871 annis
817 4830 877 4888 post
895 4817 934 4870 La
950 4815 1047 4888 botrega
1062 4813 1102 4868 del
1121 4815 1182 4887 ruffi
1199 4814 1296 4886 (1750)
1309 4813 1405 4884 scripta
1420 4823 1466 4868 est.
