3600 5682
365 667 405 735 54
535 667 578 715 DE
603 665 785 717 GOLDONIO
809 667 952 716 ITALICAE
976 663 1096 714 SCAENAE
1120 663 1358 714 CORRECTORE.

364 803 531 894 effingam,
549 830 622 897 quae
637 805 782 876 fabulosa
798 823 942 890 narrent,
960 827 1032 895 quae
1047 805 1080 871 in
1099 821 1170 871 arto
1186 803 1327 894 quodam
1347 805 1526 873 amicorum

364 930 483 1000 circulo
503 931 683 1021 spectandae
702 932 779 1013 sint,
801 931 974 1021 tragoedias
996 931 1107 1012 etiam,
1129 945 1172 1028 et.
1185 929 1280 998 serias
1305 928 1355 997 vel
1373 930 1526 1013 comicas,

365 1078 436 1144 quae
450 1057 578 1124 musicis
594 1055 700 1125 modis
716 1054 939 1137 decantentur,
953 1051 1085 1122 fabulas.

409 1179 457 1246 Ex
475 1178 524 1246 his
545 1180 696 1249 omnibus
716 1178 802 1270 quod
824 1177 1081 1269 frequentissime
1100 1194 1261 1245 tentatum
1279 1193 1326 1244 est
1348 1197 1468 1265 genus,
1487 1175 1526 1244 ad

364 1303 561 1372 comoediam
589 1307 726 1394 pertinet
751 1328 822 1395 quae
848 1303 1021 1371 hominum
1045 1300 1169 1369 indoles
1198 1297 1350 1390 effingere
1377 1319 1525 1383 conatur,

364 1429 482 1519 quippe
492 1453 563 1520 quae
577 1430 740 1518 scriptoris
756 1429 935 1517 corrigendi
949 1426 1063 1496 theatri
1079 1425 1187 1495 studio
1198 1448 1296 1516 quam
1311 1428 1434 1516 optime
1449 1447 1527 1494 con-

364 1571 504 1642 grueret.

576 1905 593 1996 §
613 1925 640 1972 1.
660 1944 704 1956 —
720 1904 770 1972 De
782 1903 904 1994 sabulis
918 1927 985 1994 qua
1000 1904 1115 1973 indoles
1130 1915 1308 1980 retractant.
1342 1979 1346 1988 ¹

407 2182 643 2272 Extemporalis
663 2181 836 2264 comoedia,
853 2204 950 2273 quam
971 2181 1141 2250 obliterare
1161 2182 1309 2273 cupiebat
1326 2183 1525 2268 Goldonius,

363 2328 475 2377 natura
497 2310 564 2397 ipsa
587 2306 755 2396 implicatis
780 2307 945 2376 eventibus
966 2308 1104 2376 maxime
1123 2308 1260 2392 valebat,
1276 2308 1384 2400 ibique
1406 2309 1523 2379 eaedem

363 2455 488 2523 semper
503 2453 649 2523 personae
664 2430 866 2500 conditiones
881 2433 989 2522 potius
1003 2456 1100 2523 quarn
1114 2431 1289 2501 hominum
1307 2433 1433 2502 indoles
1447 2434 1497 2503 ref
1512 2475 1525 2487 ·
1553 2455 1554 2460 ’

363 2559 485 2628 rebant.
509 2560 684 2627 Personam
708 2581 869 2650 quamque
883 2559 993 2641 vestis,
1016 2561 1175 2648 majorum
1197 2582 1287 2627 more
1309 2559 1436 2642 tradita,
1456 2583 1527 2628 cor·

363 2686 514 2778 porisque
529 2685 596 2775 ipse
609 2682 738 2752 habitus
751 2685 858 2774 primo
873 2682 1023 2773 adspectu
1038 2683 1162 2774 populo
1176 2683 1429 2771 denuntiabant3
1454 2685 1525 2754 abs·

364 2829 487 2892 tractae,
511 2826 547 2877 ut
573 2810 617 2876 ita
645 2807 767 2890 dicam,
791 2806 1018 2900 generalesque
1047 2828 1155 2892 erant,
1183 2832 1367 2902 quanquam
1390 2811 1527 2900 propriis

361 2935 519 3003 distinctae
541 2933 651 3020 signis,
676 2951 711 3000 ut
727 2933 862 3002 dialecto
885 2933 1045 3023 larvaque.
1068 2934 1212 3002 Eventus
1234 2953 1362 3002 tantum
1383 2936 1527 3003 novitate

363 3056 502 3151 quadam
516 3056 671 3146 implicati
685 3057 849 3147 quaerendi
860 3075 961 3140 erant,
974 3056 1088 3147 quibus
1098 3080 1233 3147 persona
1244 3082 1392 3149 quaeque,
1405 3079 1527 3127 servata

362 3207 418 3251 sua
436 3182 517 3250 bene
538 3199 616 3251 nota
635 3180 757 3264 indole,
778 3183 975 3250 misceretur.
994 3183 1041 3248 Ex
1061 3201 1169 3271 pacto,
1190 3183 1216 3249 si
1233 3184 1337 3250 dicere
1360 3183 1446 3265 licet,
1463 3208 1526 3251 ser-

361 3325 449 3376 vatas
464 3303 690 3397 extemporalis
705 3306 875 3374 comoediae
890 3305 1013 3374 indoles
1029 3308 1073 3374 ita
1089 3307 1285 3394 distinguere
1300 3326 1436 3377 conatur
1447 3309 1526 3377 Gol-

363 3431 478 3499 donius
500 3433 630 3521 proprio
654 3430 796 3521 quodam
816 3429 944 3512 affectu,
966 3432 1044 3499 vitio
1068 3450 1120 3498 aut
1144 3431 1292 3514 ridiculo,
1315 3452 1351 3500 ut
1374 3432 1489 3501 tradita
1510 3457 1526 3500 a

363 3557 520 3646 prioribus
530 3556 642 3638 variet,
653 3578 831 3647 verumque
847 3556 948 3643 magis
959 3554 1127 3645 peculiare,
1142 3554 1174 3623 id
1191 3575 1238 3624 est
1249 3575 1370 3625 naturae
1380 3559 1524 3648 propius,

362 3681 519 3767 attingat:
543 3681 586 3748 ita
609 3681 711 3768 magis
733 3703 769 3748 ac
790 3681 890 3768 magis
910 3680 1034 3748 veritati
1056 3681 1196 3749 strictius
1217 3680 1393 3750 observatae
1416 3680 1525 3751 locum

363 3803 445 3872 cedit
461 3822 638 3872 eventuum
651 3802 838 3893 implicatio.

403 3929 532 4016 Negare
546 3928 648 3996 nolim
664 3928 799 3997 arduum
811 3927 909 3996 fuisse
923 3929 984 3997 tale
1000 3931 1216 4020 propositum,
1237 3953 1312 3997 nam
1329 3931 1383 4019 qui
1401 3928 1527 3998 indoles

323 4085 326 4090 ¹
364 4054 537 4123 hominum
556 4056 599 4122 ita
619 4072 779 4138 retractat,
801 4055 826 4120 is
847 4056 974 4144 penitus
990 4077 1023 4122 se
1042 4052 1109 4136 dat,
1131 4072 1167 4121 ut
1183 4055 1225 4121 ita
1244 4053 1362 4139 dicam,
1381 4056 1415 4123 in
1436 4053 1526 4123 lami·

364 4179 532 4247 liaritatem
553 4178 686 4246 humani
700 4180 839 4267 generis.
856 4181 1043 4247 Paucissimi
1059 4202 1166 4247 revera
1180 4177 1325 4246 indolem
1341 4178 1472 4263 habent,
1494 4179 1525 4248 id

364 4324 410 4372 est
431 4302 604 4394 praevalens
626 4303 783 4386 studium,
806 4305 954 4371 omnium
981 4328 998 4371 a
1025 4303 1118 4372 nobis
1145 4322 1292 4372 actorum
1315 4327 1408 4373 causa
1430 4325 1527 4397 atque

365 4433 648 4498 instrumentum:
677 4452 749 4496 vere
771 4431 873 4511 avari,
895 4452 968 4496 vere
991 4428 1261 4513 dissimulatores,
1282 4423 1355 4497 ve're
1380 4429 1527 4499 dissoluti

364 4555 425 4623 rari
442 4572 538 4641 sunt;
557 4552 699 4644 plerique
713 4555 813 4637 enim,
830 4553 950 4621 leviore
965 4553 1130 4620 voluntate
1146 4552 1301 4635 inclinati,
1319 4553 1443 4623 bonum
1460 4578 1526 4623 ma·

362 4679 496 4770 lumque
518 4681 668 4762 miscent,
691 4698 788 4769 atque
810 4667 941 4746 usu'vel
962 4676 1197 4746 consuetudine
1217 4701 1285 4746 non
1307 4678 1389 4747 bene
1407 4681 1526 4748 conscii

364 4803 545 4871 trabuntur.
559 4804 679 4892 ltaque
694 4826 822 4891 perraro
842 4827 914 4870 vera
931 4801 1053 4870 indoles
1074 4804 1107 4869 in
1128 4803 1254 4871 theatro
1275 4803 1448 4888 invenitur,
1464 4827 1525 4896 qua
