3588 5680
539 621 583 668 DE
608 621 790 672 ootoortto
815 621 970 672 LUTETIAE
994 623 1169 674 MORANTE.
1373 627 1433 693 107

269 761 336 826 nio.
354 784 370 822 u
388 758 536 826 Tantum
558 759 662 826 immo
686 761 811 827 moveri
834 761 981 828 animum
1000 783 1097 829 suum
1110 761 1234 830 sinebat
1254 761 1434 848 affectibus,

268 882 322 972 qui
338 883 470 950 comicis
485 883 597 950 scaenis
610 881 840 966 admiscentur,
855 901 904 966 ut,
916 882 1107 974 quibusdam
1116 883 1299 954 Arlecchiui
1312 886 1435 956 Camil-

267 1003 369 1095 laeque
384 1005 590 1074 sermonibus
603 1008 721 1094 teneris
736 1006 863 1090 auditis,
883 1033 900 1071 ι(
915 1030 983 1076 uon
997 1009 1142 1098 potuisse
1155 1031 1188 1076 se
1203 1010 1237 1076 in
1251 1007 1347 1078 fletus
1366 1031 1435 1078 non

268 1127 462 1198 effundere»
484 1129 656 1200 fateatur¹.
681 1129 919 1200 Animadvertit
944 1132 1043 1200 etiam
1066 1155 1163 1222 quam
1185 1131 1274 1202 dives
1300 1135 1434 1202 materia

268 1247 375 1336 fuerit,
391 1268 574 1342 quantaque
587 1253 773 1322 inveniendi
787 1255 879 1344 copia
892 1255 963 1323 viro
978 1256 1031 1338 sit,
1049 1282 1065 1320 α
1079 1257 1134 1346 qui
1149 1256 1182 1322 in
1193 1278 1257 1324 uua
1271 1254 1433 1325 comoedia

268 1397 378 1446 rerum
388 1375 617 1445 abundantiam
626 1396 750 1447 tautam
761 1377 984 1461 cumulaverit,
994 1395 1030 1446 ut
1040 1397 1073 1448 et
1082 1377 1226 1468 pluribus
1235 1377 1428 1449 sufficiae».

312 1498 471 1568 Paulatim
485 1498 670 1569 Goldonius
684 1519 804 1570 nostrae
815 1504 923 1592 gentis
940 1501 1102 1571 familiaris
1122 1518 1275 1585 evaserat,
1291 1499 1347 1572 sed
1372 1525 1433 1571 na-

268 1642 349 1692 turae
371 1623 517 1693 bonitate
541 1624 749 1716 moribusque
771 1624 914 1696 facilibus
935 1627 1021 1696 haud
1041 1624 1184 1695 multum
1208 1643 1285 1696 tunc
1311 1626 1433 1696 discre-

268 1744 362 1836 pabat
376 1771 394 1816 a
408 1766 527 1818 veneto
544 1748 734 1835 Pantalone‚
746 1751 801 1841 qui
815 1751 849 1818 in
863 1769 915 1818 tot
929 1749 1044 1820 fabulis
1060 1750 1124 1819 suis
1138 1752 1312 1841 praecipuas
1328 1769 1434 1841 partes

268 1869 345 1960 agit.
360 1871 531 1942 Modestus
549 1875 651 1955 enim,
669 1896 764 1965 parco
787 1876 899 1943 vivens
922 1873 1025 1960 cultu,
1052 1875 1199 1963 quamvis
1221 1871 1336 1963 epulis,
1358 1874 1435 1945 aleis

268 1998 514 2087 amicorumque
540 1998 753 2068 conventibus
780 1998 917 2068 libenter
937 1997 1134 2086 indulgeret,
1159 1999 1280 2087 ingenii
1304 1999 1434 2067 veniam

268 2124 447 2210 praestantis
473 2122 675 2204 inveniebat,
699 2123 787 2212 quod
812 2124 950 2193 omnino
972 2120 1175 2191 affectatione
1200 2121 1337 2192 carebat.
1354 2123 1434 2216 ‘Nec

268 2246 366 2314 etiam
385 2248 505 2316 nostris
525 2246 712 2317 hominibus
732 2248 787 2339 qui
804 2247 926 2316 litteras
945 2245 1093 2316 colebant
1114 2246 1278 2317 timendus
1297 2246 1434 2316 aemulus

268 2387 339 2438 tum
359 2370 538 2457 videbatur,
559 2373 676 2463 quippe
696 2373 751 2463 qui
770 2394 881 2440 scaenae
899 2373 1074 2461 peregrinae
1093 2373 1263 2463 peregrino
1283 2394 1435 2440 sermone

268 2493 432 2576 scriberet,
454 2519 515 2586 qua
535 2497 569 2562 in
589 2518 623 2564 re
637 2495 880 2586 monopolium,
896 2513 933 2564 ut
946 2495 991 2564 ita
1005 2495 1128 2580 dicam,
1145 2495 1322 2564 exercebat.
1343 2493 1434 2563 Orn-

268 2618 360 2686 nium
384 2616 471 2686 idem
500 2620 639 2704 amicus,
665 2643 701 2688 ac
723 2621 898 2710 praesertim
923 2618 1053 2688 illorum
1077 2620 1133 2710 qui
1156 2617 1341 2709 philosophi
1364 2639 1435 2690 esse

268 2741 469 2824 affectabant,
488 2742 605 2811 nullius
616 2761 721 2833 partes
729 2743 933 2834 sequebatur,
943 2744 969 2811 si
978 2741 1062 2812 forte
1073 2742 1153 2811 alius
1164 2742 1216 2811 alii
1226 2742 1432 2825 obtrectaret,

266 2865 404 2957 licetque
420 2866 585 2935 catholicae
600 2856 675 2935 fidei
691 2869 910 2937 strictissimus
925 2885 1008 2936 esset
1023 2867 1144 2952 fautor,
1156 2867 1309 2934 omnibus
1319 2865 1433 2934 officiis

267 2989 451 3060 Voltarium
466 2991 694 3074 assectabatur,
713 2984 768 3082 qui
788 3014 897 3060 rursus
918 2993 947 3059 ei
968 2992 1118 3082 epistolas
1138 2990 1245 3060 italico
1264 3010 1429 3075 sermone,

268 3136 411 3182 necnon
435 3116 532 3182 etiam
554 3132 668 3183 veneta
691 3114 841 3199 dialecto,
865 3115 1054 3200 scribebam,
1078 3115 1172 3183 altius
1198 3137 1273 3182 eum
1295 3112 1430 3182 fortasse

268 3235 426 3304 extollens
440 3234 587 3305 laudibus
603 3259 701 3328 quem
717 3260 786 3305 non
801 3236 935 3309 timebat
950 3238 1094 3306 rivalem.

312 3358 479 3428 Goldouio
500 3360 631 3450 quidem
651 3361 827 3430 malevolus
846 3362 988 3453 primum
1006 3360 1109 3428 fuerat
1131 3357 1320 3442 Diderotus,
1342 3356 1430 3446 quod

306 3659 329 3702 1.
350 3611 569 3733 Corrupondonce
581 3648 713 3706 littlraire.
731 3649 781 3706 Ed.
799 3645 955 3714 Toumeux,
970 3659 990 3703 t.
1006 3647 1042 3712 V,
1059 3663 1086 3717 p.
1102 3660 1229 3717 431·432.

304 3765 329 3808 2.
350 3749 431 3817 ibid,
446 3765 465 3810 t.
481 3754 517 3820 V,
531 3771 558 3825 p.
576 3770 635 3827 399.

305 3874 328 3928 3.
349 3857 411 3916 Vid.
424 3859 565 3930 epistolam
581 3878 597 3915 a
611 3861 725 3934 Perney,
740 3861 783 3916 cui
797 3860 854 3914 dies
875 3873 910 3924 24
929 3859 1029 3916 mensis
1046 3859 1205 3932 septembris
1222 3857 1286 3912 anni
1304 3854 1371 3928 1760
1386 3857 1433 3911 ad·

267 3948 377 4016 scriptus
389 3958 428 4002 est
442 3959 467 4002 et
481 3949 510 4002 in
524 3965 575 4020 qua
593 3948 709 4020 legitur:
731 3966 746 3999 u
764 3947 790 4003 Ο
810 3948 860 4002 che
875 3946 1029 4003 recondita!
1052 3949 1108 4002 mio
1123 3948 1241 4020 signore,
1260 3945 1310 4001 che
1324 3945 1430 4017 puritdl

267 4050 346 4088 come
358 4033 386 4090 lo
400 4034 462 4090 stilo
476 4037 515 4090 mi
529 4053 593 4108 pare
605 4036 737 4102 naturale,
753 4035 840 4091 faceto
854 4036 887 4090 ed
903 4035 1019 4091 amabile
1032 4038 1037 4090 l
1054 4037 1140 4091 Avete
1155 4037 1294 4091 riscottato
1305 4034 1330 4088 la
1341 4044 1431 4088 vostra

266 4122 350 4191 patria
363 4121 432 4177 dalle
446 4124 520 4178 mani
533 4123 605 4196 degli
618 4124 805 4181 Arlecchini...
819 4125 857 4180 La
867 4135 957 4177 vostra
966 4125 1088 4178 amicizia
1099 4126 1233 4190 m'onora,
1246 4121 1401 4177 m‘incanta¹
1416 4141 1430 4170 u

266 4209 327 4279 (Ed.
344 4210 475 4278 Beuchot,
491 4224 510 4269 t.
526 4213 576 4278 IX,
592 4230 618 4284 p.
636 4212 743 4286 4950.)

301 4299 332 4353 In
347 4299 399 4353 alia
412 4298 533 4371 epistola,
550 4317 626 4374 quae:
644 4321 658 4351 «
671 4301 733 4356 Aux
747 4298 863 4363 Delices‚
878 4299 903 4352 le
922 4301 956 4354 28
976 4313 1088 4371 auguste
1106 4297 1171 4371 1762
1188 4321 1202 4351 »
1224 4298 1354 4368 adscripta
1379 4307 1428 4362 est,

265 4385 373 4441 felicem
382 4389 517 4443 Lutetiam
524 4389 670 4444 adventum
678 4387 817 4444 Goldonio
828 4399 923 4442 veneta
933 4387 1049 4442 dialecto
1058 4387 1207 4459 gratulatur
1216 4385 1354 4442 Voltarius
1363 4383 1426 4454 (Ed.

266 4475 397 4542 Beuchot,
413 4489 433 4530 t.
449 4476 485 4542 X,
500 4496 526 4549 p.
545 4476 681 4550 768-369),
698 4475 794 4532 Eidem
809 4477 910 4531 litteras
928 4477 1010 4531 mittit
1031 4477 1086 4547 (die
1107 4493 1137 4546 19
1159 4491 1244 4530 mens.
1265 4472 1332 4529 febr.
1352 4471 1432 4542 1763)

267 4564 300 4618 de
314 4563 407 4620 Amore
416 4573 523 4639 paterno
537 4579 562 4622 et
575 4566 632 4638 (die
646 4582 663 4633 4
678 4581 763 4622 mens.
780 4582 837 4635 apr.
858 4581 934 4637 1772-
950 4565 1019 4631 ibid,
1033 4578 1052 4622 t.
1070 4565 1157 4633 XVII,
1175 4581 1200 4635 p.
1215 4563 1280 4633 406)
1303 4562 1337 4616 de
1355 4561 1433 4614 Bene·

265 4651 313 4722 fico
326 4671 431 4720 moroso,
446 4656 474 4709 iu
488 4656 584 4728 quibus
597 4656 655 4710 haec
674 4655 755 4709 verba
769 4657 959 4709 inveniuntur:
979 4675 993 4704 ι(
1009 4653 1090 4709 Italus
1104 4652 1149 4708 ille
1165 4652 1292 4706 omnibus
1305 4650 1432 4722 gentibus

268 4744 391 4814 exquisiti
404 4745 496 4816 judicii
511 4745 631 4816 exempla
647 4744 756 4798 datums
771 4745 885 4800 videtur¹
905 4764 919 4792 n
