<?xml version="1.0" encoding="UTF-8"?>
<!DOCTYPE html PUBLIC "-//W3C//DTD XHTML 1.0 Transitional//EN"
    "http://www.w3.org/TR/xhtml1/DTD/xhtml1-transitional.dtd">
<html xmlns="http://www.w3.org/1999/xhtml" xml:lang="en" lang="en">
 <head>
  <title>
</title>
<meta http-equiv="Content-Type" content="text/html;charset=utf-8" />
  <meta name='ocr-system' content='tesseract 3.04.00' />
  <meta name='ocr-capabilities' content='ocr_page ocr_carea ocr_par ocr_line ocrx_word'/>
</head>
<body>
  <div class='ocr_page' id='page_1' title='image "./degoldonioitali00rabagoog_0131.png"; bbox 0 0 3588 5680; ppageno 0'>
   <div class='ocr_carea' id='block_1_1' title="bbox 338 613 1336 679">
    <p class='ocr_par' dir='ltr' id='par_1_1' title="bbox 338 613 1336 679">
     <span class='ocr_line' id='line_1_1' title="bbox 338 613 1336 679; baseline -0.003 -1"><span class='ocrx_word' id='word_1_1' title='bbox 338 613 398 678; x_wconf 83' lang='lat'>116</span> <span class='ocrx_word' id='word_1_2' title='bbox 508 633 552 678; x_wconf 80' lang='lat' dir='ltr'>nu</span> <span class='ocrx_word' id='word_1_3' title='bbox 578 630 762 679; x_wconf 78' lang='lat' dir='ltr'>oonuoruo</span> <span class='ocrx_word' id='word_1_4' title='bbox 788 628 929 676; x_wconf 71' lang='lat' dir='ltr'>tritten</span> <span class='ocrx_word' id='word_1_5' title='bbox 954 625 1075 676; x_wconf 69' lang='lat' dir='ltr'>senus</span> <span class='ocrx_word' id='word_1_6' title='bbox 1099 622 1336 676; x_wconf 71' lang='lat' dir='ltr'>correctoris.</span> 
     </span>
    </p>
   </div>
   <div class='ocr_carea' id='block_1_2' title="bbox 334 766 1508 1608">
    <p class='ocr_par' dir='ltr' id='par_1_2' title="bbox 334 766 1508 1608">
     <span class='ocr_line' id='line_1_2' title="bbox 335 766 1505 861; baseline -0.004 -21"><span class='ocrx_word' id='word_1_7' title='bbox 335 789 430 861; x_wconf 86' lang='lat' dir='ltr'>poeta</span> <span class='ocrx_word' id='word_1_8' title='bbox 443 789 479 840; x_wconf 93' lang='lat' dir='ltr'>ut</span> <span class='ocrx_word' id='word_1_9' title='bbox 492 772 572 860; x_wconf 92' lang='lat' dir='ltr'>ipse,</span> <span class='ocrx_word' id='word_1_10' title='bbox 593 793 664 860; x_wconf 82' lang='lat' dir='ltr'>quae</span> <span class='ocrx_word' id='word_1_11' title='bbox 686 769 816 838; x_wconf 81' lang='lat' dir='ltr'>vitanda</span> <span class='ocrx_word' id='word_1_12' title='bbox 838 769 916 852; x_wconf 92' lang='lat' dir='ltr'>sint,</span> <span class='ocrx_word' id='word_1_13' title='bbox 934 784 1078 850; x_wconf 87' lang='lat' dir='ltr'>moneat,</span> <span class='ocrx_word' id='word_1_14' title='bbox 1101 790 1160 836; x_wconf 92' lang='lat' dir='ltr'>nec</span> <span class='ocrx_word' id='word_1_15' title='bbox 1179 783 1395 857; x_wconf 84' lang='lat' dir='ltr'>spectatorem</span> <span class='ocrx_word' id='word_1_16' title='bbox 1416 766 1505 850; x_wconf 92' lang='lat' dir='ltr'>sinit,</span> 
     </span>
     <span class='ocr_line' id='line_1_3' title="bbox 335 889 1507 981; baseline -0.006 -15"><span class='ocrx_word' id='word_1_17' title='bbox 335 899 464 966; x_wconf 84' lang='lat' dir='ltr'>recitata</span> <span class='ocrx_word' id='word_1_18' title='bbox 476 895 595 978; x_wconf 87' lang='lat' dir='ltr'>fabula,</span> <span class='ocrx_word' id='word_1_19' title='bbox 611 893 725 964; x_wconf 83' lang='lat' dir='ltr'>eadem</span> <span class='ocrx_word' id='word_1_20' title='bbox 745 891 958 981; x_wconf 81' lang='lat' dir='ltr'>concludere3</span> <span class='ocrx_word' id='word_1_21' title='bbox 976 891 1030 962; x_wconf 91' lang='lat' dir='ltr'>sed</span> <span class='ocrx_word' id='word_1_22' title='bbox 1049 892 1128 961; x_wconf 89' lang='lat' dir='ltr'>dum</span> <span class='ocrx_word' id='word_1_23' title='bbox 1152 892 1216 960; x_wconf 93' lang='lat' dir='ltr'>hoc</span> <span class='ocrx_word' id='word_1_24' title='bbox 1234 889 1337 960; x_wconf 89' lang='lat' dir='ltr'>modo</span> <span class='ocrx_word' id='word_1_25' title='bbox 1359 891 1507 960; x_wconf 90' lang='lat' dir='ltr'>moribus</span> 
     </span>
     <span class='ocr_line' id='line_1_4' title="bbox 334 1015 1507 1109; baseline -0.007 -17"><span class='ocrx_word' id='word_1_26' title='bbox 334 1022 497 1092; x_wconf 84' lang='lat' dir='ltr'>utiliorem</span> <span class='ocrx_word' id='word_1_27' title='bbox 512 1043 546 1090; x_wconf 92' lang='lat' dir='ltr'>se</span> <span class='ocrx_word' id='word_1_28' title='bbox 565 1019 716 1090; x_wconf 91' lang='lat' dir='ltr'>futurum</span> <span class='ocrx_word' id='word_1_29' title='bbox 734 1038 852 1109; x_wconf 87' lang='lat' dir='ltr'>sperat,</span> <span class='ocrx_word' id='word_1_30' title='bbox 868 1042 975 1088; x_wconf 87' lang='lat' dir='ltr'>revera</span> <span class='ocrx_word' id='word_1_31' title='bbox 995 1018 1103 1087; x_wconf 89' lang='lat' dir='ltr'>minus</span> <span class='ocrx_word' id='word_1_32' title='bbox 1117 1015 1259 1107; x_wconf 92' lang='lat' dir='ltr'>prodest.</span> <span class='ocrx_word' id='word_1_33' title='bbox 1279 1017 1342 1086; x_wconf 92' lang='lat' dir='ltr'>Res</span> <span class='ocrx_word' id='word_1_34' title='bbox 1362 1035 1507 1086; x_wconf 84' lang='lat' dir='ltr'>externas</span> 
     </span>
     <span class='ocr_line' id='line_1_5' title="bbox 334 1140 1506 1237; baseline -0.005 -21"><span class='ocrx_word' id='word_1_35' title='bbox 334 1147 454 1237; x_wconf 81' lang='lat' dir='ltr'>alioqui</span> <span class='ocrx_word' id='word_1_36' title='bbox 474 1169 542 1214; x_wconf 93' lang='lat' dir='ltr'>non</span> <span class='ocrx_word' id='word_1_37' title='bbox 564 1165 630 1215; x_wconf 87' lang='lat' dir='ltr'>tarn</span> <span class='ocrx_word' id='word_1_38' title='bbox 652 1166 747 1235; x_wconf 88' lang='lat' dir='ltr'>aequo</span> <span class='ocrx_word' id='word_1_39' title='bbox 768 1146 879 1214; x_wconf 92' lang='lat' dir='ltr'>animo</span> <span class='ocrx_word' id='word_1_40' title='bbox 898 1142 1018 1235; x_wconf 86' lang='lat' dir='ltr'>profert</span> <span class='ocrx_word' id='word_1_41' title='bbox 1036 1165 1072 1210; x_wconf 86' lang='lat' dir='ltr'>ac</span> <span class='ocrx_word' id='word_1_42' title='bbox 1091 1140 1246 1210; x_wconf 89' lang='lat' dir='ltr'>Molierus</span> <span class='ocrx_word' id='word_1_43' title='bbox 1257 1169 1267 1228; x_wconf 91' lang='lat'>;</span> <span class='ocrx_word' id='word_1_44' title='bbox 1285 1141 1311 1210; x_wconf 93' lang='lat' dir='ltr'>is</span> <span class='ocrx_word' id='word_1_45' title='bbox 1327 1141 1506 1232; x_wconf 86' lang='lat' dir='ltr'>propriam,</span> 
     </span>
     <span class='ocr_line' id='line_1_6' title="bbox 335 1266 1508 1361; baseline -0.008 -20"><span class='ocrx_word' id='word_1_46' title='bbox 335 1291 371 1341; x_wconf 94' lang='lat' dir='ltr'>ut</span> <span class='ocrx_word' id='word_1_47' title='bbox 385 1274 428 1340; x_wconf 85' lang='lat' dir='ltr'>ita</span> <span class='ocrx_word' id='word_1_48' title='bbox 443 1272 560 1354; x_wconf 89' lang='lat' dir='ltr'>dicam,</span> <span class='ocrx_word' id='word_1_49' title='bbox 577 1293 752 1361; x_wconf 88' lang='lat' dir='ltr'>personam</span> <span class='ocrx_word' id='word_1_50' title='bbox 769 1267 930 1352; x_wconf 88' lang='lat' dir='ltr'>abdicans,</span> <span class='ocrx_word' id='word_1_51' title='bbox 952 1267 1162 1337; x_wconf 85' lang='lat' dir='ltr'>secretissima</span> <span class='ocrx_word' id='word_1_52' title='bbox 1177 1283 1273 1358; x_wconf 87' lang='lat' dir='ltr'>atque</span> <span class='ocrx_word' id='word_1_53' title='bbox 1291 1266 1419 1351; x_wconf 83' lang='lat' dir='ltr'>intima,</span> <span class='ocrx_word' id='word_1_54' title='bbox 1436 1288 1508 1356; x_wconf 89' lang='lat' dir='ltr'>quae</span> 
     </span>
     <span class='ocr_line' id='line_1_7' title="bbox 334 1390 1506 1487; baseline -0.008 -22"><span class='ocrx_word' id='word_1_55' title='bbox 334 1397 457 1465; x_wconf 93' lang='lat' dir='ltr'>suntin</span> <span class='ocrx_word' id='word_1_56' title='bbox 477 1393 696 1478; x_wconf 85' lang='lat' dir='ltr'>Simulatoris,</span> <span class='ocrx_word' id='word_1_57' title='bbox 718 1395 828 1487; x_wconf 77' lang='lat' dir='ltr'>Avari,</span> <span class='ocrx_word' id='word_1_58' title='bbox 848 1393 986 1463; x_wconf 89' lang='lat' dir='ltr'>Ventosi</span> <span class='ocrx_word' id='word_1_59' title='bbox 1001 1415 1060 1462; x_wconf 89' lang='lat' dir='ltr'>nec</span> <span class='ocrx_word' id='word_1_60' title='bbox 1079 1415 1148 1460; x_wconf 91' lang='lat' dir='ltr'>non</span> <span class='ocrx_word' id='word_1_61' title='bbox 1167 1390 1286 1459; x_wconf 92' lang='lat' dir='ltr'>Plebeii</span> <span class='ocrx_word' id='word_1_62' title='bbox 1307 1407 1450 1482; x_wconf 91' lang='lat' dir='ltr'>pectore,</span> <span class='ocrx_word' id='word_1_63' title='bbox 1471 1407 1506 1456; x_wconf 92' lang='lat' dir='ltr'>ut</span> 
     </span>
     <span class='ocr_line' id='line_1_8' title="bbox 334 1514 1507 1608; baseline -0.008 -18"><span class='ocrx_word' id='word_1_64' title='bbox 334 1539 458 1590; x_wconf 91' lang='lat' dir='ltr'>ceteros</span> <span class='ocrx_word' id='word_1_65' title='bbox 482 1521 648 1602; x_wconf 85' lang='lat' dir='ltr'>omittam,</span> <span class='ocrx_word' id='word_1_66' title='bbox 675 1537 783 1608; x_wconf 90' lang='lat' dir='ltr'>aperta</span> <span class='ocrx_word' id='word_1_67' title='bbox 800 1517 900 1602; x_wconf 89' lang='lat' dir='ltr'>videt,</span> <span class='ocrx_word' id='word_1_68' title='bbox 923 1518 974 1586; x_wconf 91' lang='lat' dir='ltr'>cui</span> <span class='ocrx_word' id='word_1_69' title='bbox 999 1517 1044 1584; x_wconf 91' lang='lat' dir='ltr'>rei</span> <span class='ocrx_word' id='word_1_70' title='bbox 1066 1514 1148 1585; x_wconf 86' lang='lat' dir='ltr'>adeo</span> <span class='ocrx_word' id='word_1_71' title='bbox 1171 1515 1343 1602; x_wconf 88' lang='lat' dir='ltr'>incumbit,</span> <span class='ocrx_word' id='word_1_72' title='bbox 1364 1533 1400 1584; x_wconf 91' lang='lat' dir='ltr'>ut</span> <span class='ocrx_word' id='word_1_73' title='bbox 1423 1537 1507 1606; x_wconf 92' lang='lat' dir='ltr'>prae-</span> 
     </span>
    </p>
   </div>
   <div class='ocr_carea' id='block_1_3' title="bbox 334 1638 1506 1736">
    <p class='ocr_par' dir='ltr' id='par_1_3' title="bbox 334 1638 1506 1736">
     <span class='ocr_line' id='line_1_9' title="bbox 334 1638 1506 1736; baseline -0.008 -22"><span class='ocrx_word' id='word_1_74' title='bbox 334 1664 424 1736; x_wconf 83' lang='lat' dir='ltr'>cepta</span> <span class='ocrx_word' id='word_1_75' title='bbox 439 1668 488 1713; x_wconf 90' lang='lat' dir='ltr'>res</span> <span class='ocrx_word' id='word_1_76' title='bbox 504 1661 593 1713; x_wconf 88' lang='lat' dir='ltr'>tanta</span> <span class='ocrx_word' id='word_1_77' title='bbox 614 1666 690 1711; x_wconf 85' lang='lat' dir='ltr'>curu</span> <span class='ocrx_word' id='word_1_78' title='bbox 705 1659 833 1712; x_wconf 87' lang='lat' dir='ltr'>notatas</span> <span class='ocrx_word' id='word_1_79' title='bbox 852 1659 1063 1711; x_wconf 88' lang='lat' dir='ltr'>consecutura</span> <span class='ocrx_word' id='word_1_80' title='bbox 1086 1641 1180 1711; x_wconf 90' lang='lat' dir='ltr'>edere</span> <span class='ocrx_word' id='word_1_81' title='bbox 1200 1642 1268 1732; x_wconf 91' lang='lat' dir='ltr'>ipse</span> <span class='ocrx_word' id='word_1_82' title='bbox 1288 1643 1431 1712; x_wconf 86' lang='lat' dir='ltr'>omittat.</span> <span class='ocrx_word' id='word_1_83' title='bbox 1448 1638 1506 1707; x_wconf 88' lang='lat' dir='ltr'>Vi-</span> 
     </span>
    </p>
   </div>
   <div class='ocr_carea' id='block_1_4' title="bbox 325 1764 1508 4351">
    <p class='ocr_par' dir='ltr' id='par_1_4' title="bbox 333 1764 1506 1962">
     <span class='ocr_line' id='line_1_10' title="bbox 334 1764 1506 1858; baseline 0.001 -20"><span class='ocrx_word' id='word_1_84' title='bbox 334 1769 430 1838; x_wconf 88' lang='lat' dir='ltr'>deant</span> <span class='ocrx_word' id='word_1_85' title='bbox 452 1770 511 1858; x_wconf 90' lang='lat' dir='ltr'>ipsi</span> <span class='ocrx_word' id='word_1_86' title='bbox 530 1767 692 1838; x_wconf 87' lang='lat' dir='ltr'>auditores</span> <span class='ocrx_word' id='word_1_87' title='bbox 707 1785 743 1835; x_wconf 92' lang='lat' dir='ltr'>ut</span> <span class='ocrx_word' id='word_1_88' title='bbox 762 1769 838 1836; x_wconf 85' lang='lat' dir='ltr'>vitia</span> <span class='ocrx_word' id='word_1_89' title='bbox 857 1768 974 1852; x_wconf 90' lang='lat' dir='ltr'>vitent,</span> <span class='ocrx_word' id='word_1_90' title='bbox 995 1765 1109 1858; x_wconf 91' lang='lat' dir='ltr'>quibus</span> <span class='ocrx_word' id='word_1_91' title='bbox 1131 1764 1281 1834; x_wconf 90' lang='lat' dir='ltr'>homines</span> <span class='ocrx_word' id='word_1_92' title='bbox 1301 1783 1367 1834; x_wconf 88' lang='lat' dir='ltr'>tarn</span> <span class='ocrx_word' id='word_1_93' title='bbox 1382 1767 1506 1839; x_wconf 91' lang='lat' dir='ltr'>ridiculi</span> 
     </span>
     <span class='ocr_line' id='line_1_11' title="bbox 333 1893 423 1962; baseline -0.011 0"><span class='ocrx_word' id='word_1_94' title='bbox 333 1893 423 1962; x_wconf 88' lang='lat' dir='ltr'>fiant.</span> 
     </span>
    </p>

    <p class='ocr_par' dir='ltr' id='par_1_5' title="bbox 326 2012 1508 3978">
     <span class='ocr_line' id='line_1_12' title="bbox 379 2012 1504 2107; baseline 0 -21"><span class='ocrx_word' id='word_1_95' title='bbox 379 2017 526 2086; x_wconf 88' lang='lat' dir='ltr'>Strictius</span> <span class='ocrx_word' id='word_1_96' title='bbox 549 2017 645 2084; x_wconf 89' lang='lat' dir='ltr'>etiarn</span> <span class='ocrx_word' id='word_1_97' title='bbox 669 2034 757 2083; x_wconf 86' lang='lat' dir='ltr'>curat</span> <span class='ocrx_word' id='word_1_98' title='bbox 780 2012 965 2083; x_wconf 89' lang='lat' dir='ltr'>Goldonius</span> <span class='ocrx_word' id='word_1_99' title='bbox 990 2031 1026 2082; x_wconf 92' lang='lat' dir='ltr'>ut</span> <span class='ocrx_word' id='word_1_100' title='bbox 1049 2013 1192 2101; x_wconf 87' lang='lat' dir='ltr'>legitime</span> <span class='ocrx_word' id='word_1_101' title='bbox 1217 2016 1301 2084; x_wconf 89' lang='lat' dir='ltr'>actio</span> <span class='ocrx_word' id='word_1_102' title='bbox 1317 2014 1504 2107; x_wconf 87' lang='lat' dir='ltr'>explicetur,</span> 
     </span>
     <span class='ocr_line' id='line_1_13' title="bbox 334 2138 1506 2230; baseline 0 -19"><span class='ocrx_word' id='word_1_103' title='bbox 334 2140 440 2211; x_wconf 92' lang='lat' dir='ltr'>nodus</span> <span class='ocrx_word' id='word_1_104' title='bbox 454 2142 610 2225; x_wconf 90' lang='lat' dir='ltr'>solvatur,</span> <span class='ocrx_word' id='word_1_105' title='bbox 627 2157 788 2230; x_wconf 86' lang='lat' dir='ltr'>spectator</span> <span class='ocrx_word' id='word_1_106' title='bbox 802 2155 975 2207; x_wconf 91' lang='lat' dir='ltr'>contentus</span> <span class='ocrx_word' id='word_1_107' title='bbox 989 2138 1128 2207; x_wconf 89' lang='lat' dir='ltr'>domum</span> <span class='ocrx_word' id='word_1_108' title='bbox 1153 2138 1282 2224; x_wconf 86' lang='lat' dir='ltr'>redeat;</span> <span class='ocrx_word' id='word_1_109' title='bbox 1308 2142 1395 2210; x_wconf 92' lang='lat' dir='ltr'>unde</span> <span class='ocrx_word' id='word_1_110' title='bbox 1418 2141 1453 2210; x_wconf 88' lang='lat' dir='ltr'>fit</span> <span class='ocrx_word' id='word_1_111' title='bbox 1468 2161 1506 2211; x_wconf 91' lang='lat' dir='ltr'>ut</span> 
     </span>
     <span class='ocr_line' id='line_1_14' title="bbox 334 2264 1508 2356; baseline 0 -21"><span class='ocrx_word' id='word_1_112' title='bbox 334 2266 372 2335; x_wconf 89' lang='lat' dir='ltr'>ad</span> <span class='ocrx_word' id='word_1_113' title='bbox 396 2267 501 2334; x_wconf 90' lang='lat' dir='ltr'>imum</span> <span class='ocrx_word' id='word_1_114' title='bbox 525 2283 603 2334; x_wconf 90' lang='lat' dir='ltr'>totae</span> <span class='ocrx_word' id='word_1_115' title='bbox 629 2282 860 2333; x_wconf 89' lang='lat' dir='ltr'>convertantur</span> <span class='ocrx_word' id='word_1_116' title='bbox 888 2277 1047 2354; x_wconf 85' lang='lat' dir='ltr'>personae,</span> <span class='ocrx_word' id='word_1_117' title='bbox 1077 2287 1142 2354; x_wconf 94' lang='lat' dir='ltr'>quo</span> <span class='ocrx_word' id='word_1_118' title='bbox 1172 2264 1303 2356; x_wconf 89' lang='lat' dir='ltr'>quidem</span> <span class='ocrx_word' id='word_1_119' title='bbox 1331 2265 1508 2335; x_wconf 87' lang='lat' dir='ltr'>offenditur</span> 
     </span>
     <span class='ocr_line' id='line_1_15' title="bbox 334 2387 1506 2484; baseline 0 -26"><span class='ocrx_word' id='word_1_120' title='bbox 334 2392 529 2484; x_wconf 88' lang='lat' dir='ltr'>quicumque</span> <span class='ocrx_word' id='word_1_121' title='bbox 544 2389 695 2476; x_wconf 84' lang='lat' dir='ltr'>humanae</span> <span class='ocrx_word' id='word_1_122' title='bbox 708 2391 783 2458; x_wconf 90' lang='lat' dir='ltr'>vitae</span> <span class='ocrx_word' id='word_1_123' title='bbox 799 2412 867 2458; x_wconf 93' lang='lat' dir='ltr'>non</span> <span class='ocrx_word' id='word_1_124' title='bbox 883 2389 1021 2456; x_wconf 91' lang='lat' dir='ltr'>omnino</span> <span class='ocrx_word' id='word_1_125' title='bbox 1037 2387 1125 2457; x_wconf 90' lang='lat' dir='ltr'>rudis</span> <span class='ocrx_word' id='word_1_126' title='bbox 1143 2407 1202 2458; x_wconf 88' lang='lat' dir='ltr'>est.</span> <span class='ocrx_word' id='word_1_127' title='bbox 1226 2389 1429 2458; x_wconf 90' lang='lat' dir='ltr'>Goldonium</span> <span class='ocrx_word' id='word_1_128' title='bbox 1449 2393 1506 2481; x_wconf 91' lang='lat' dir='ltr'>igi-</span> 
     </span>
     <span class='ocr_line' id='line_1_16' title="bbox 334 2514 1506 2605; baseline -0.001 -20"><span class='ocrx_word' id='word_1_129' title='bbox 334 2534 387 2585; x_wconf 91' lang='lat' dir='ltr'>tur</span> <span class='ocrx_word' id='word_1_130' title='bbox 414 2516 537 2583; x_wconf 91' lang='lat' dir='ltr'>circum</span> <span class='ocrx_word' id='word_1_131' title='bbox 561 2515 734 2605; x_wconf 87' lang='lat' dir='ltr'>praecordia</span> <span class='ocrx_word' id='word_1_132' title='bbox 758 2531 886 2583; x_wconf 87' lang='lat' dir='ltr'>tanturn</span> <span class='ocrx_word' id='word_1_133' title='bbox 911 2514 1022 2582; x_wconf 90' lang='lat' dir='ltr'>lusisse</span> <span class='ocrx_word' id='word_1_134' title='bbox 1045 2514 1162 2581; x_wconf 91' lang='lat' dir='ltr'>merito</span> <span class='ocrx_word' id='word_1_135' title='bbox 1186 2515 1284 2599; x_wconf 87' lang='lat' dir='ltr'>dicas,</span> <span class='ocrx_word' id='word_1_136' title='bbox 1314 2515 1506 2605; x_wconf 90' lang='lat' dir='ltr'>Molierique</span> 
     </span>
     <span class='ocr_line' id='line_1_17' title="bbox 335 2638 1505 2730; baseline 0 -22"><span class='ocrx_word' id='word_1_137' title='bbox 335 2639 448 2730; x_wconf 84' lang='lat' dir='ltr'>agendi</span> <span class='ocrx_word' id='word_1_138' title='bbox 463 2641 623 2709; x_wconf 88' lang='lat' dir='ltr'>rationem</span> <span class='ocrx_word' id='word_1_139' title='bbox 641 2641 762 2730; x_wconf 91' lang='lat' dir='ltr'>ignotis</span> <span class='ocrx_word' id='word_1_140' title='bbox 784 2657 877 2709; x_wconf 89' lang='lat' dir='ltr'>antea</span> <span class='ocrx_word' id='word_1_141' title='bbox 896 2638 1112 2729; x_wconf 88' lang='lat' dir='ltr'>tenuibusque</span> <span class='ocrx_word' id='word_1_142' title='bbox 1131 2639 1280 2708; x_wconf 91' lang='lat' dir='ltr'>colorum</span> <span class='ocrx_word' id='word_1_143' title='bbox 1301 2639 1505 2708; x_wconf 87' lang='lat' dir='ltr'>varietatibus</span> 
     </span>
     <span class='ocr_line' id='line_1_18' title="bbox 334 2762 1503 2854; baseline -0.001 -20"><span class='ocrx_word' id='word_1_144' title='bbox 334 2765 554 2835; x_wconf 87' lang='lat' dir='ltr'>renovandam</span> <span class='ocrx_word' id='word_1_145' title='bbox 573 2766 756 2834; x_wconf 90' lang='lat' dir='ltr'>tentavisse.</span> <span class='ocrx_word' id='word_1_146' title='bbox 774 2766 826 2832; x_wconf 90' lang='lat' dir='ltr'>Fit</span> <span class='ocrx_word' id='word_1_147' title='bbox 844 2765 930 2832; x_wconf 92' lang='lat' dir='ltr'>enim</span> <span class='ocrx_word' id='word_1_148' title='bbox 949 2762 1033 2853; x_wconf 87' lang='lat' dir='ltr'>apud</span> <span class='ocrx_word' id='word_1_149' title='bbox 1049 2781 1213 2849; x_wconf 91' lang='lat' dir='ltr'>nostrum,</span> <span class='ocrx_word' id='word_1_150' title='bbox 1234 2763 1371 2854; x_wconf 86' lang='lat' dir='ltr'>exempli</span> <span class='ocrx_word' id='word_1_151' title='bbox 1389 2767 1503 2854; x_wconf 84' lang='lat' dir='ltr'>gratia,</span> 
     </span>
     <span class='ocr_line' id='line_1_19' title="bbox 337 2888 1504 2979; baseline 0.003 -25"><span class='ocrx_word' id='word_1_152' title='bbox 337 2917 353 2954; x_wconf 75' lang='grc' dir='ltr'>α</span> <span class='ocrx_word' id='word_1_153' title='bbox 363 2892 516 2959; x_wconf 91' lang='lat' dir='ltr'>Morosus</span> <span class='ocrx_word' id='word_1_154' title='bbox 530 2889 719 2958; x_wconf 83' lang='lat' dir='ltr'>beneficus»</span> <span class='ocrx_word' id='word_1_155' title='bbox 732 2889 787 2978; x_wconf 92' lang='lat' dir='ltr'>qni</span> <span class='ocrx_word' id='word_1_156' title='bbox 801 2888 886 2978; x_wconf 85' lang='lat' dir='ltr'>apud</span> <span class='ocrx_word' id='word_1_157' title='bbox 898 2888 1075 2955; x_wconf 85' lang='lat' dir='ltr'>Mulierum</span> <span class='ocrx_word' id='word_1_158' title='bbox 1089 2891 1311 2979; x_wconf 76' lang='grc' dir='ltr'>Μισάνθρωπος</span> <span class='ocrx_word' id='word_1_159' title='bbox 1327 2907 1393 2957; x_wconf 85' lang='lat' dir='ltr'>erat</span> <span class='ocrx_word' id='word_1_160' title='bbox 1401 2915 1410 2973; x_wconf 93' lang='lat'>;</span> <span class='ocrx_word' id='word_1_161' title='bbox 1422 2889 1504 2958; x_wconf 89' lang='lat' dir='ltr'>illius</span> 
     </span>
     <span class='ocr_line' id='line_1_20' title="bbox 334 3011 1504 3105; baseline 0.003 -27"><span class='ocrx_word' id='word_1_162' title='bbox 334 3016 491 3083; x_wconf 89' lang='lat' dir='ltr'>«Avarus</span> <span class='ocrx_word' id='word_1_163' title='bbox 509 3040 525 3077; x_wconf 83' lang='lat' dir='ltr'>n</span> <span class='ocrx_word' id='word_1_164' title='bbox 543 3011 661 3082; x_wconf 89' lang='lat' dir='ltr'>fastum</span> <span class='ocrx_word' id='word_1_165' title='bbox 680 3025 786 3081; x_wconf 87' lang='lat' dir='ltr'>amat¹</span> <span class='ocrx_word' id='word_1_166' title='bbox 802 3031 857 3080; x_wconf 90' lang='lat' dir='ltr'>aut</span> <span class='ocrx_word' id='word_1_167' title='bbox 875 3013 1033 3102; x_wconf 89' lang='lat' dir='ltr'>zelotypia</span> <span class='ocrx_word' id='word_1_168' title='bbox 1054 3024 1258 3102; x_wconf 88' lang='lat' dir='ltr'>torquetur².</span> <span class='ocrx_word' id='word_1_169' title='bbox 1275 3011 1414 3082; x_wconf 89' lang='lat' dir='ltr'>Felicem</span> <span class='ocrx_word' id='word_1_170' title='bbox 1434 3015 1504 3105; x_wconf 92' lang='lat' dir='ltr'>qui-</span> 
     </span>
     <span class='ocr_line' id='line_1_21' title="bbox 331 3137 1502 3227; baseline 0 -21"><span class='ocrx_word' id='word_1_171' title='bbox 331 3137 406 3206; x_wconf 91' lang='lat' dir='ltr'>dem</span> <span class='ocrx_word' id='word_1_172' title='bbox 420 3138 479 3205; x_wconf 87' lang='lat' dir='ltr'>hac</span> <span class='ocrx_word' id='word_1_173' title='bbox 494 3138 640 3206; x_wconf 89' lang='lat' dir='ltr'>novitate</span> <span class='ocrx_word' id='word_1_174' title='bbox 653 3158 840 3206; x_wconf 88' lang='lat' dir='ltr'>successum</span> <span class='ocrx_word' id='word_1_175' title='bbox 862 3159 1099 3227; x_wconf 90' lang='lat' dir='ltr'>nonnunquam</span> <span class='ocrx_word' id='word_1_176' title='bbox 1119 3138 1256 3227; x_wconf 92' lang='lat' dir='ltr'>scriptor</span> <span class='ocrx_word' id='word_1_177' title='bbox 1276 3137 1437 3225; x_wconf 82' lang='lat' dir='ltr'>obtinuit3</span> <span class='ocrx_word' id='word_1_178' title='bbox 1454 3140 1502 3206; x_wconf 91' lang='lat' dir='ltr'>in·</span> 
     </span>
     <span class='ocr_line' id='line_1_22' title="bbox 331 3260 1503 3352; baseline 0.001 -21"><span class='ocrx_word' id='word_1_179' title='bbox 331 3262 460 3331; x_wconf 92' lang='lat' dir='ltr'>terdum</span> <span class='ocrx_word' id='word_1_180' title='bbox 471 3263 568 3330; x_wconf 89' lang='lat' dir='ltr'>etiam</span> <span class='ocrx_word' id='word_1_181' title='bbox 583 3285 632 3329; x_wconf 91' lang='lat' dir='ltr'>res</span> <span class='ocrx_word' id='word_1_182' title='bbox 648 3261 730 3330; x_wconf 86' lang='lat' dir='ltr'>male</span> <span class='ocrx_word' id='word_1_183' title='bbox 741 3261 848 3346; x_wconf 90' lang='lat' dir='ltr'>cessit,</span> <span class='ocrx_word' id='word_1_184' title='bbox 862 3284 938 3328; x_wconf 88' lang='lat' dir='ltr'>narn</span> <span class='ocrx_word' id='word_1_185' title='bbox 953 3260 1067 3331; x_wconf 90' lang='lat' dir='ltr'>melius</span> <span class='ocrx_word' id='word_1_186' title='bbox 1077 3260 1188 3330; x_wconf 90' lang='lat' dir='ltr'>fuisset</span> <span class='ocrx_word' id='word_1_187' title='bbox 1203 3263 1327 3352; x_wconf 89' lang='lat' dir='ltr'>optime</span> <span class='ocrx_word' id='word_1_188' title='bbox 1341 3264 1405 3352; x_wconf 87' lang='lat' dir='ltr'>jam</span> <span class='ocrx_word' id='word_1_189' title='bbox 1420 3261 1503 3332; x_wconf 88' lang='lat' dir='ltr'>dicta</span> 
     </span>
     <span class='ocr_line' id='line_1_23' title="bbox 329 3386 1502 3478; baseline 0.003 -25"><span class='ocrx_word' id='word_1_190' title='bbox 329 3387 479 3455; x_wconf 91' lang='lat' dir='ltr'>omittere</span> <span class='ocrx_word' id='word_1_191' title='bbox 499 3409 598 3477; x_wconf 85' lang='lat' dir='ltr'>quarn</span> <span class='ocrx_word' id='word_1_192' title='bbox 620 3386 733 3455; x_wconf 86' lang='lat' dir='ltr'>eadem</span> <span class='ocrx_word' id='word_1_193' title='bbox 761 3387 891 3455; x_wconf 91' lang='lat' dir='ltr'>tenuius</span> <span class='ocrx_word' id='word_1_194' title='bbox 912 3410 947 3454; x_wconf 89' lang='lat' dir='ltr'>ac</span> <span class='ocrx_word' id='word_1_195' title='bbox 970 3386 1071 3454; x_wconf 91' lang='lat' dir='ltr'>levius</span> <span class='ocrx_word' id='word_1_196' title='bbox 1095 3403 1248 3478; x_wconf 90' lang='lat' dir='ltr'>repetere.</span> <span class='ocrx_word' id='word_1_197' title='bbox 1277 3386 1445 3478; x_wconf 92' lang='lat' dir='ltr'>Quidquid</span> <span class='ocrx_word' id='word_1_198' title='bbox 1469 3388 1502 3456; x_wconf 90' lang='lat' dir='ltr'>id</span> 
     </span>
     <span class='ocr_line' id='line_1_24' title="bbox 327 3508 1502 3601; baseline -0.001 -20"><span class='ocrx_word' id='word_1_199' title='bbox 327 3529 387 3595; x_wconf 92' lang='lat' dir='ltr'>est,</span> <span class='ocrx_word' id='word_1_200' title='bbox 404 3511 484 3581; x_wconf 88' lang='lat' dir='ltr'>adeo</span> <span class='ocrx_word' id='word_1_201' title='bbox 499 3510 594 3601; x_wconf 89' lang='lat' dir='ltr'>plagii</span> <span class='ocrx_word' id='word_1_202' title='bbox 608 3513 732 3580; x_wconf 90' lang='lat' dir='ltr'>crimen</span> <span class='ocrx_word' id='word_1_203' title='bbox 745 3509 887 3600; x_wconf 87' lang='lat' dir='ltr'>fugiebat</span> <span class='ocrx_word' id='word_1_204' title='bbox 904 3508 1101 3592; x_wconf 91' lang='lat' dir='ltr'>Goldonius,</span> <span class='ocrx_word' id='word_1_205' title='bbox 1117 3529 1155 3580; x_wconf 90' lang='lat' dir='ltr'>ut</span> <span class='ocrx_word' id='word_1_206' title='bbox 1171 3510 1300 3580; x_wconf 92' lang='lat' dir='ltr'>Molieri</span> <span class='ocrx_word' id='word_1_207' title='bbox 1316 3535 1385 3580; x_wconf 91' lang='lat' dir='ltr'>non</span> <span class='ocrx_word' id='word_1_208' title='bbox 1403 3536 1502 3581; x_wconf 91' lang='lat' dir='ltr'>unam</span> 
     </span>
     <span class='ocr_line' id='line_1_25' title="bbox 326 3635 1501 3736; baseline 0.003 -32"><span class='ocrx_word' id='word_1_209' title='bbox 326 3638 487 3736; x_wconf 87' lang='lat' dir='ltr'>integram</span> <span class='ocrx_word' id='word_1_210' title='bbox 516 3637 660 3706; x_wconf 85' lang='lat' dir='ltr'>imitatus</span> <span class='ocrx_word' id='word_1_211' title='bbox 684 3638 726 3705; x_wconf 93' lang='lat' dir='ltr'>sit</span> <span class='ocrx_word' id='word_1_212' title='bbox 747 3637 959 3722; x_wconf 90' lang='lat' dir='ltr'>comoediam,</span> <span class='ocrx_word' id='word_1_213' title='bbox 986 3635 1275 3728; x_wconf 90' lang='lat' dir='ltr'>similitudinesque</span> <span class='ocrx_word' id='word_1_214' title='bbox 1294 3639 1329 3705; x_wconf 94' lang='lat' dir='ltr'>in</span> <span class='ocrx_word' id='word_1_215' title='bbox 1360 3637 1501 3728; x_wconf 88' lang='lat' dir='ltr'>partibus</span> 
     </span>
     <span class='ocr_line' id='line_1_26' title="bbox 327 3760 1502 3853; baseline 0.001 -23"><span class='ocrx_word' id='word_1_216' title='bbox 327 3778 457 3830; x_wconf 88' lang='lat' dir='ltr'>tanturn</span> <span class='ocrx_word' id='word_1_217' title='bbox 471 3761 626 3831; x_wconf 82' lang='lat' dir='ltr'>invenias.</span> <span class='ocrx_word' id='word_1_218' title='bbox 645 3763 752 3852; x_wconf 83' lang='lat' dir='ltr'>Hujus</span> <span class='ocrx_word' id='word_1_219' title='bbox 766 3763 825 3844; x_wconf 90' lang='lat' dir='ltr'>rei,</span> <span class='ocrx_word' id='word_1_220' title='bbox 841 3787 913 3853; x_wconf 90' lang='lat' dir='ltr'>quae</span> <span class='ocrx_word' id='word_1_221' title='bbox 928 3760 966 3830; x_wconf 86' lang='lat' dir='ltr'>ad</span> <span class='ocrx_word' id='word_1_222' title='bbox 981 3760 1013 3829; x_wconf 90' lang='lat' dir='ltr'>id</span> <span class='ocrx_word' id='word_1_223' title='bbox 1027 3763 1205 3852; x_wconf 91' lang='lat' dir='ltr'>pertinent,</span> <span class='ocrx_word' id='word_1_224' title='bbox 1221 3780 1288 3830; x_wconf 89' lang='lat' dir='ltr'>tarn</span> <span class='ocrx_word' id='word_1_225' title='bbox 1304 3762 1406 3831; x_wconf 84' lang='lat' dir='ltr'>multa</span> <span class='ocrx_word' id='word_1_226' title='bbox 1425 3783 1502 3831; x_wconf 90' lang='lat' dir='ltr'>sunt</span> 
     </span>
     <span class='ocr_line' id='line_1_27' title="bbox 327 3884 1030 3978; baseline -0.003 -23"><span class='ocrx_word' id='word_1_227' title='bbox 327 3885 471 3978; x_wconf 83' lang='lat' dir='ltr'>exempla</span> <span class='ocrx_word' id='word_1_228' title='bbox 485 3903 522 3954; x_wconf 91' lang='lat' dir='ltr'>ut</span> <span class='ocrx_word' id='word_1_229' title='bbox 536 3887 569 3954; x_wconf 90' lang='lat' dir='ltr'>in</span> <span class='ocrx_word' id='word_1_230' title='bbox 586 3884 739 3974; x_wconf 86' lang='lat' dir='ltr'>eligendis</span> <span class='ocrx_word' id='word_1_231' title='bbox 756 3904 884 3956; x_wconf 89' lang='lat' dir='ltr'>tantum</span> <span class='ocrx_word' id='word_1_232' title='bbox 900 3887 1030 3954; x_wconf 88' lang='lat' dir='ltr'>haereas.</span> 
     </span>
    </p>

    <p class='ocr_par' dir='ltr' id='par_1_6' title="bbox 325 4010 1500 4351">
     <span class='ocr_line' id='line_1_28' title="bbox 372 4010 1500 4109; baseline 0.004 -31"><span class='ocrx_word' id='word_1_233' title='bbox 372 4012 420 4080; x_wconf 89' lang='lat' dir='ltr'>Ita</span> <span class='ocrx_word' id='word_1_234' title='bbox 435 4034 474 4078; x_wconf 88' lang='lat' dir='ltr'>ex</span> <span class='ocrx_word' id='word_1_235' title='bbox 488 4013 621 4079; x_wconf 88' lang='lat' dir='ltr'>materia</span> <span class='ocrx_word' id='word_1_236' title='bbox 635 4033 723 4079; x_wconf 90' lang='lat' dir='ltr'>mere</span> <span class='ocrx_word' id='word_1_237' title='bbox 741 4012 866 4080; x_wconf 86' lang='lat' dir='ltr'>comica</span> <span class='ocrx_word' id='word_1_238' title='bbox 877 4029 1025 4101; x_wconf 91' lang='lat' dir='ltr'>sumptos</span> <span class='ocrx_word' id='word_1_239' title='bbox 1035 4028 1169 4109; x_wconf 91' lang='lat' dir='ltr'>eventus</span> <span class='ocrx_word' id='word_1_240' title='bbox 1179 4010 1219 4078; x_wconf 93' lang='lat' dir='ltr'>ad</span> <span class='ocrx_word' id='word_1_241' title='bbox 1233 4013 1348 4079; x_wconf 85' lang='lat' dir='ltr'>seriam</span> <span class='ocrx_word' id='word_1_242' title='bbox 1360 4010 1500 4082; x_wconf 87' lang='lat' dir='ltr'>fabulam</span> 
     </span>
     <span class='ocr_line' id='line_1_29' title="bbox 325 4133 1500 4221; baseline 0.002 -17"><span class='ocrx_word' id='word_1_243' title='bbox 325 4133 475 4204; x_wconf 85' lang='lat' dir='ltr'>transfert</span> <span class='ocrx_word' id='word_1_244' title='bbox 491 4135 689 4221; x_wconf 89' lang='lat' dir='ltr'>Goldonius,</span> <span class='ocrx_word' id='word_1_245' title='bbox 704 4136 825 4204; x_wconf 89' lang='lat' dir='ltr'>cumin</span> <span class='ocrx_word' id='word_1_246' title='bbox 841 4137 924 4205; x_wconf 85' lang='lat' dir='ltr'>Fida</span> <span class='ocrx_word' id='word_1_247' title='bbox 939 4149 1043 4205; x_wconf 63' lang='grc' dir='ltr'>εενυα3</span> <span class='ocrx_word' id='word_1_248' title='bbox 1055 4135 1167 4204; x_wconf 85' lang='lat' dir='ltr'>eadem</span> <span class='ocrx_word' id='word_1_249' title='bbox 1182 4137 1315 4204; x_wconf 88' lang='lat' dir='ltr'>materia</span> <span class='ocrx_word' id='word_1_250' title='bbox 1330 4135 1500 4206; x_wconf 89' lang='lat' dir='ltr'>adhibetur</span> 
     </span>
     <span class='ocr_line' id='line_1_30' title="bbox 326 4233 1499 4351; baseline 0.003 -24"><span class='ocrx_word' id='word_1_251' title='bbox 326 4233 420 4351; x_wconf 89' lang='lat' dir='ltr'>atque</span> <span class='ocrx_word' id='word_1_252' title='bbox 430 4262 463 4329; x_wconf 92' lang='lat' dir='ltr'>in</span> <span class='ocrx_word' id='word_1_253' title='bbox 478 4259 507 4328; x_wconf 83' lang='lat' dir='ltr'><em>V</em></span> <span class='ocrx_word' id='word_1_254' title='bbox 505 4262 551 4328; x_wconf 84' lang='lat' dir='ltr'>iro</span> <span class='ocrx_word' id='word_1_255' title='bbox 559 4263 615 4350; x_wconf 85' lang='lat' dir='ltr'>qui</span> <span class='ocrx_word' id='word_1_256' title='bbox 625 4273 775 4349; x_wconf 70' lang='lat' dir='ltr'>agrotum</span> <span class='ocrx_word' id='word_1_257' title='bbox 783 4285 812 4329; x_wconf 84' lang='lat' dir='ltr'>re</span> <span class='ocrx_word' id='word_1_258' title='bbox 820 4261 1025 4344; x_wconf 51' lang='lat' dir='ltr'>arbitrariae</span> <span class='ocrx_word' id='word_1_259' title='bbox 1038 4260 1185 4330; x_wconf 83' lang='lat' dir='ltr'>simulata</span> <span class='ocrx_word' id='word_1_260' title='bbox 1194 4263 1281 4328; x_wconf 92' lang='lat' dir='ltr'>enim</span> <span class='ocrx_word' id='word_1_261' title='bbox 1292 4282 1398 4332; x_wconf 90' lang='lat' dir='ltr'>morte</span> <span class='ocrx_word' id='word_1_262' title='bbox 1406 4263 1499 4331; x_wconf 90' lang='lat' dir='ltr'>intel-</span> 
     </span>
    </p>
   </div>
   <div class='ocr_carea' id='block_1_5' title="bbox 328 4411 538 4424">
    <p class='ocr_par' dir='ltr' id='par_1_7' title="bbox 328 4411 538 4424">
     <span class='ocr_line' id='line_1_31' title="bbox 328 4411 538 4424; baseline 0 -2"><span class='ocrx_word' id='word_1_263' title='bbox 328 4411 538 4424; x_wconf 48' lang='lat' dir='ltr'>m</span> 
     </span>
    </p>
   </div>
   <div class='ocr_carea' id='block_1_6' title="bbox 356 4487 923 4856">
    <p class='ocr_par' dir='ltr' id='par_1_8' title="bbox 362 4487 657 4558">
     <span class='ocr_line' id='line_1_32' title="bbox 362 4487 657 4558; baseline 0.003 -16"><span class='ocrx_word' id='word_1_264' title='bbox 362 4505 385 4544; x_wconf 92' lang='lat'>1.</span> <span class='ocrx_word' id='word_1_265' title='bbox 406 4489 516 4542; x_wconf 77' lang='lat' dir='ltr'>L&#39;aoarr</span> <span class='ocrx_word' id='word_1_266' title='bbox 527 4487 657 4558; x_wconf 75' lang='lat' dir='ltr'>fastucux.</span> 
     </span>
    </p>

    <p class='ocr_par' dir='ltr' id='par_1_9' title="bbox 360 4586 631 4658">
     <span class='ocr_line' id='line_1_33' title="bbox 360 4586 631 4658; baseline 0.011 -19"><span class='ocrx_word' id='word_1_267' title='bbox 360 4601 385 4640; x_wconf 91' lang='lat'>2.</span> <span class='ocrx_word' id='word_1_268' title='bbox 407 4586 434 4640; x_wconf 85' lang='lat' dir='ltr'>ll</span> <span class='ocrx_word' id='word_1_269' title='bbox 446 4586 527 4658; x_wconf 65' lang='lat' dir='ltr'>guloso</span> <span class='ocrx_word' id='word_1_270' title='bbox 542 4603 631 4643; x_wconf 84' lang='lat' dir='ltr'>avaro.</span> 
     </span>
    </p>

    <p class='ocr_par' dir='ltr' id='par_1_10' title="bbox 356 4683 923 4856">
     <span class='ocr_line' id='line_1_34' title="bbox 358 4683 923 4757; baseline 0 -17"><span class='ocrx_word' id='word_1_271' title='bbox 358 4704 381 4757; x_wconf 84' lang='lat'>3.</span> <span class='ocrx_word' id='word_1_272' title='bbox 404 4687 442 4740; x_wconf 89' lang='lat' dir='ltr'>Lo</span> <span class='ocrx_word' id='word_1_273' title='bbox 457 4703 529 4740; x_wconf 78' lang='lat' dir='ltr'>serva</span> <span class='ocrx_word' id='word_1_274' title='bbox 541 4702 664 4752; x_wconf 84' lang='lat' dir='ltr'>amorosa,</span> <span class='ocrx_word' id='word_1_275' title='bbox 680 4687 741 4743; x_wconf 87' lang='lat' dir='ltr'>Act.</span> <span class='ocrx_word' id='word_1_276' title='bbox 759 4683 806 4751; x_wconf 90' lang='lat'>111,</span> <span class='ocrx_word' id='word_1_277' title='bbox 823 4703 858 4744; x_wconf 89' lang='lat' dir='ltr'>sc.</span> <span class='ocrx_word' id='word_1_278' title='bbox 881 4686 923 4740; x_wconf 50' lang='grc' dir='ltr'>16.Ἰ</span> 
     </span>
     <span class='ocr_line' id='line_1_35' title="bbox 356 4783 732 4856; baseline 0.008 -20"><span class='ocrx_word' id='word_1_279' title='bbox 356 4799 382 4849; x_wconf 85' lang='lat'>4.</span> <span class='ocrx_word' id='word_1_280' title='bbox 404 4783 439 4837; x_wconf 77' lang='lat' dir='ltr'>Le</span> <span class='ocrx_word' id='word_1_281' title='bbox 453 4783 551 4838; x_wconf 73' lang='lat' dir='ltr'>moladc</span> <span class='ocrx_word' id='word_1_282' title='bbox 566 4785 732 4856; x_wconf 70' lang='lat' dir='ltr'>imaginum.</span> 
     </span>
    </p>
   </div>
   <div class='ocr_carea' id='block_1_7' title="bbox 0 0 1798 5680">
    <p class='ocr_par' dir='ltr' id='par_1_11' title="bbox 0 0 1798 5680">
     <span class='ocr_line' id='line_1_36' title="bbox 0 0 1798 5680; baseline 0 2"><span class='ocrx_word' id='word_1_283' title='bbox 0 0 1798 5680; x_wconf 95' lang='lat' dir='ltr'> </span> 
     </span>
    </p>
   </div>
  </div>
 </body>
</html>
