996 1552
306 230 456 242 Gor-DourANAnuu
469 229 572 241 usur-Anum
585 229 654 241 mvrsrol
754 225 773 246 ⁶5

188 265 297 288 petulantum
306 264 381 281 mulieres
388 270 426 281 cum
433 264 495 286 pudore
503 268 595 284 amantem3
603 263 713 286 voluptatibus
722 264 775 280 indul-

188 301 261 318 gentem,
271 296 322 312 vitato
335 295 428 317 patrimonii
439 295 544 311 exhauriendi
556 294 638 316 periculu3
649 294 707 317 quietis
719 300 775 311 aman-

189 331 229 346 tem,
240 332 270 343 nec
282 330 337 343 tamen
349 325 400 348 decipi
411 331 428 342 se
440 325 538 347 patientem
551 325 627 342 omnibus
638 325 725 346 affabilem,
737 331 775 342 curn

189 357 243 380 paucis
255 357 380 377 amicissimum,
394 361 442 379 atque
456 356 562 373 humiliorum
575 360 663 378 patronum
675 356 775 373 studiosissi-

190 394 242 405 mum.
250 388 309 405 Talem
317 393 356 404 vero
363 387 475 404 definitionem
483 392 517 404 non
525 392 593 409 persona
604 391 657 404 totam
665 386 732 409 implet;
741 393 775 404 non

188 423 253 436 tantum
261 419 305 435 enim
313 418 408 441 magnificus
415 418 466 435 homo
474 422 505 438 est,
513 418 541 434 sed
551 418 600 434 etiarn
609 417 695 440 prodigus,·
705 418 775 440 peregri-

190 456 231 467 num
241 449 329 472 quemdam
338 455 357 466 ex
367 449 446 471 impedito
454 448 520 471 quidem
530 453 587 465 mutua
593 449 661 471 pecunia
668 449 740 471 expedit,
747 448 775 466 sed

191 481 219 503 qui
230 485 315 497 venustam
326 480 372 497 habet
383 485 458 499 uxorem,
469 485 529 502 neque,
541 484 559 496 ut
571 479 642 500 videtur,
653 480 722 496 nimium
731 485 776 496 seve-

191 517 231 528 ram.
239 511 323 533 Virginem
330 516 393 531 contra,
402 516 437 533 quae
444 510 490 527 illum
497 514 547 530 amat,
556 510 614 527 ducere
621 510 690 531 dubitat,
699 516 719 527 ne
729 510 776 527 liber-

191 542 220 559 tati
231 541 317 562 valedicam
329 542 379 558 amica
390 542 439 558 etiam‘
451 541 502 558 utitur
514 541 603 558 humillima
615 541 665 563 stirpe
676 546 718 561 orta,
732 542 777 563 cujus

191 572 239 590 frater
248 573 316 595 insignis
326 572 386 589 nebulo
396 572 525 594 pigerrimusque
536 577 609 589 sororem
620 577 682 594 quaeStu
694 572 776 595 producit,

191 609 209 621 ae
215 609 232 621 se
240 609 284 620 novo
292 609 338 620 more
346 603 416 620 vesn'bus
423 603 490 620 indutus
498 602 603 624 magnificum
610 603 664 620 virum
670 602 714 620 facit.

214 634 292 651 Eamdem
299 635 348 656 igitur
355 634 438 651 materiam
446 640 503 657 parurn
511 639 565 651 exacte
572 634 616 656 prius
624 639 709 651 tractatam
717 635 776 651 iterum

192 671 276 688 aggressus
285 670 316 686 est,
326 670 390 682 mutato
400 665 454 686 titulo,
464 665 563 682 Goldonius.
573 665 653 682 Nondum
661 670 716 682 xamen
725 665 777 682 Gallia

191 697 230 716 visa,
238 696 328 718 ignorabat,
338 701 355 713 ut
362 696 396 718 ipse
403 696 496 716 confitetur,
505 696 544 718 quid
552 701 607 713 revera
615 701 656 713 esset
664 703 672 712 α
680 695 693 713 11
700 696 777 714 cavaliere

193 727 208 744 di
219 727 264 744 buon
274 731 324 749 gusto
335 733 351 743 n.
364 733 372 742 cx
383 727 420 743 Hoc
429 726 486 747 verbo,
496 727 513 743 in
524 726 583 747 Gallia,
594 727 622 747 ait,
634 727 687 743 virum
697 727 776 749 designari

192 758 246 775 credas
255 758 312 775 litteris
319 763 368 781 atque
377 758 437 775 artibus
444 758 526 774 imbumm
534 762 550 774 et
557 758 637 780 exquisito
645 758 714 780 judicio;
726 758 777 775 Italus

192 794 255 810 contra,
270 795 320 811 quem
333 789 350 806 in
364 788 417 806 fabula
430 794 466 806 mea
481 788 558 811 effingere
572 794 608 805 sum
623 793 697 809 conatus,
711 789 777 806 fortuna

192 820 269 837 mediocri
278 820 357 837 rationem
366 820 407 837 inire
416 819 457 837 valet
464 819 603 842 quemadmodum
610 825 693 836 arnoenam
700 820 776 842 domum,

192 851 262 868 delectos
274 856 339 872 servos,
351 850 455 876 excellentem
467 856 540 873 coquum
552 850 610 868 habeat
619 855 635 867 et
644 850 686 873 apud
695 851 776 872 homines,

192 882 261 899 neminis
269 881 330 899 damno
337 887 355 898 ac
363 881 408 898 nullo
415 882 438 899 rei
445 881 526 898 familiaris
533 882 619 904 impeditu,
627 881 671 899 dives
679 882 758 900 videatur.
768 889 776 898 n

215 912 332 933 Humiliorem,
343 912 405 929 herclel
419 912 460 929 hanc
472 912 537 929 honeSti
547 913 576 929 viri
588 913 658 935 speciem
669 918 704 930 esse
716 919 778 930 conve-

193 944 280 964 niendum;
293 943 367 960 litterulis
378 943 443 965 quidem
454 943 514 960 tinctus
525 947 549 960 est
560 943 639 960 Octavius
650 949 668 961 ac
677 944 732 961 scribae
744 944 778 961 cui-

193 974 230 991 dam
240 979 270 991 suo
280 974 299 991 ab
309 974 387 996 epistolis,
398 974 426 996 qui
437 980 446 991 e
458 974 505 991 variis
517 974 621 996 scriptoribus
634 975 712 996 excerptis
725 975 778 992 otium

193 1005 287 1027 colligendis
297 1010 372 1027 occupat,
383 1010 411 1027 per
421 1005 523 1022 occasionem
533 1005 598 1022 consilia
606 1005 643 1027 dau
654 1011 678 1022 res
687 1010 742 1022 autem
753 1006 779 1023 illa

193 1040 236 1053 extra
245 1041 361 1058 argumentum
371 1036 467 1056 assumitur;
477 1042 515 1052 nam
528 1041 575 1058 poeta
587 1036 634 1053 nobis
644 1036 728 1053 hominem
740 1042 780 1059 prae-

193 1067 248 1084 sertim
259 1067 277 1083 in
289 1066 337 1084 rebus
348 1067 434 1084 oStendere
448 1066 518 1083 intendit
533 1073 568 1089 quae
581 1067 600 1084 ad
612 1068 729 1084 commercium
741 1073 779 1084 curn

194 1097 287 1114 mulieribus
297 1098 384 1120 pertinent.
395 1097 543 1119 Quadragesirnum
553 1098 619 1120 quidem
628 1104 690 1115 annum
700 1098 779 1115 Octavius

194 1128 262 1149 excedit,
274 1128 301 1145 sed
312 1134 347 1145 acre
358 1128 400 1145 illius
410 1129 502 1150 ingenium,
513 1128 576 1150 elegans
585 1128 655 1149 habitus,
667 1129 731 1146 vivendi
740 1135 779 1146 con-

193 1159 262 1176 suetudo
273 1159 343 1182 optima,
357 1165 374 1176 ac
386 1165 424 1176 cum
436 1159 500 1176 feminis
513 1159 619 1181 lepidissimus
631 1166 691 1177 sermo.
704 1160 755 1181 Quod
766 1161 779 1177 si

194 1190 271 1211 voluerit,
283 1190 325 1207 inter
335 1189 374 1207 duas
385 1190 428 1207 aetati
439 1196 472 1207 suae
482 1191 597 1207 convenientes
607 1190 661 1207 viduas
671 1191 739 1207 alteram
750 1191 780 1208 eli-

194 1226 232 1242 gere
239 1221 298 1243 poterir
306 1226 385 1242 uxorem;
393 1221 452 1242 immo,
461 1221 507 1243 virgo
515 1221 594 1243 quaedam,
602 1221 644 1238 illius
653 1222 709 1244 nepoti
714 1228 779 1244 sponsa,

194 1251 293 1268 avunculum
300 1257 317 1268 se
325 1252 398 1274 praeferre
406 1257 440 1268 non
447 1251 542 1269 dissimulat.
549 1252 605 1273 Quem
613 1252 680 1269 Pantalo
688 1258 780 1275 quanquam

248 1287 266 1296 DE
277 1286 356 1297 GOLuomo.
720 1288 726 1301 ς
