3588 5680
342 619 386 686 82
515 633 562 680 DE
586 631 767 680 GOLDONIO
792 631 934 680 matrem
958 633 1078 682 SCAENAE
1103 631 1341 682 CORRECTORE.

343 793 454 843 exacte
470 790 598 840 servato
617 769 801 840 exercendae
820 770 896 839 artis
915 769 1038 855 officio,
1054 771 1137 839 sicut
1152 771 1188 838 in
1212 771 1323 840 Veneto
1342 774 1507 856 causidico,

343 899 420 967 satis
438 913 568 987 apparet
587 894 792 964 Goldonium
812 896 957 985 exempla
971 897 1080 986 potius
1096 897 1258 987 sequenda
1269 920 1366 986 quam
1383 895 1510 966 vitanda¹

343 1021 476 1092 ridicula
491 1021 584 1090 nobis
597 1021 816 1110 proposuisse.

389 1148 623 1214 Huicceterum
633 1166 777 1233 personae
786 1141 1004 1211 minorisfidei
1012 1142 1143 1230 collegae
1151 1162 1374 1233 opponuntur.
1385 1145 1511 1214 Doctor

343 1295 366 1336 o
383 1271 581 1338 Buonatesta
603 1293 621 1334 s>
649 1267 816 1358 permultis
843 1267 1109 1356 occupationibus
1128 1292 1163 1336 se
1185 1269 1378 1360 impeditum
1402 1269 1509 1357 fingit,

342 1413 441 1484 atque
456 1393 602 1494 affectata
615 1392 648 1460 in
663 1391 800 1459 dicendo
815 1415 934 1482 pompa
945 1391 1128 1477 Pantaloni,
1140 1392 1358 1483 puellaepatri,
1370 1394 1512 1484 quaesibi

343 1519 409 1587 sint
430 1517 482 1586 die
503 1539 566 1584 una
587 1513 731 1584 facienda
747 1514 823 1604 legit
839 1539 849 1582 t
867 1516 1135 1605 pretiosissimum
1150 1517 1249 1607 ipsius
1264 1536 1404 1607 tempus,
1421 1519 1511 1606 cujus

343 1642 395 1710 vel
419 1642 592 1709 minimum
617 1659 824 1708 momentum
842 1641 911 1708 auri
935 1639 1079 1729 pondere
1102 1660 1149 1708 est
1175 1641 1363 1710 emendum.
1387 1643 1511 1710 Avarus

346 1768 435 1834 enim
456 1784 517 1849 est,
538 1763 697 1853 hujusque
718 1763 808 1832 modi
830 1764 972 1832 medicos
991 1763 1187 1847 nonnullos,
1214 1784 1245 1834 et
1270 1785 1380 1834 nostra
1404 1785 1510 1848 aetate,

346 1891 501 1980 reperias;
519 1912 703 1981 quanquam
721 1907 828 1957 autem
847 1889 931 1976 apud
950 1889 1125 1984 Mulierum
1142 1889 1220 1957 tales
1239 1889 1402 1958 interdum
1419 1892 1512 1957 inve-

347 2017 482 2082 niuntur
495 2013 631 2103 quaestui
647 2011 745 2080 dediti
757 2025 781 2094 ¹,
802 2011 973 2102 plerosque
990 2011 1108 2093 forare,
1128 2012 1338 2101 clysterizare,
1362 2037 1510 2102 purgare,

346 2161 443 2207 venas
471 2136 611 2205 incidere
633 2138 707 2204 satis
728 2139 829 2226 juvat,
855 2159 971 2226 neque,
995 2157 1031 2204 ut
1056 2136 1158 2204 Flacci
1186 2139 1353 2206 Romanus
1367 2137 1509 2228 quidam,

346 2263 512 2332 dicerent:

757 2403 857 2464 *sutus
870 2415 939 2484 post
953 2421 1104 2464 nummos.

391 2593 518 2661 Doctot
535 2617 552 2656 a
569 2589 705 2659 Mallatti
719 2617 737 2654 a>
756 2609 869 2658 contra
884 2591 1011 2680 ineptus
1026 2609 1087 2673 est,
1106 2591 1157 2658 cui
1173 2589 1259 2659 nulla
1274 2593 1386 2680 opinio
1402 2590 1508 2674 firma,

347 2736 394 2801 et,
412 2738 487 2785 cum
501 2715 540 2783 de
556 2714 672 2783 morbo
688 2716 880 2797 consulitur,
896 2714 980 2783 illius
995 2715 1049 2804 qui
1066 2715 1240 2782 novissima
1254 2715 1368 2782 dixerit
1388 2717 1423 2782 in
1441 2739 1513 2782 sen·

347 2841 484 2909 tentiam
497 2839 537 2907 ad
551 2839 695 2908 eundum
711 2862 838 2927 semper
852 2857 978 2928 paratus
993 2857 1052 2922 est,
1071 2840 1136 2906 sive
1152 2838 1249 2907 stulta
1261 2866 1277 2903 ι(
1288 2841 1484 2908 Buonatesta
1495 2866 1511 2903 >›

347 2965 568 3056 proposuerit,
591 2964 657 3030 sive
686 2964 851 3030 Honestus
880 2980 973 3060 recte
991 2963 1154 3053 loquitur,
1185 2987 1372 3054 quanquam
1401 2983 1431 3032 et
1461 2963 1513 3030 hic

347 3088 574 3158 scholasticum
589 3089 623 3154 in
640 3085 794 3169 modum,
810 3085 933 3153 ridiculi
948 3089 1050 3154 inscio
1069 3089 1237 3176 scriptore,
1256 3089 1371 3176 saepius
1390 3088 1514 3155 disserit

349 3211 505 3303 effatuque
522 3211 647 3278 tritiora
666 3209 801 3299 profert,
820 3210 930 3277 velut:
954 3236 970 3273 a
992 3212 1129 3279 Remota
1149 3234 1255 3295 causa,
1276 3211 1399 3278 tollitur
1417 3210 1514 3278 effec-

348 3354 412 3405 tus.
436 3361 454 3400 a
477 3335 658 3423 Chirurgus
680 3334 812 3402 tandem
832 3334 1042 3423 Tarquinius,
1064 3358 1139 3402 cum
1156 3338 1225 3424 jure
1239 3352 1368 3403 tantum
1383 3353 1513 3402 senteu-

349 3462 427 3528 tiam
442 3459 616 3550 aperiendi,
631 3481 692 3526 nec
706 3458 847 3546 suffragii
861 3455 997 3541 ferendi,
1010 3458 1043 3524 in
1059 3457 1234 3526 concilium
1244 3478 1390 3541 vocatus,
1403 3459 1514 3525 omnia

347 3585 392 3653 sic
411 3583 595 3654 concludit:
623 3611 639 3648 u
663 3585 789 3651 Venam
812 3580 1015 3650 incidendam
1041 3605 1157 3650 censeo
1182 3609 1212 3664 n,
1240 3582 1327 3672 quod
1347 3605 1423 3650 sane
1445 3606 1513 3650 non

348 3707 546 3791 mirandum,
562 3733 635 3776 cum
654 3710 721 3794 ipse
736 3729 867 3796 operam
882 3705 1030 3774 mercede
1044 3726 1250 3795 suscepturus
1266 3707 1317 3774 sit.

390 3834 471 3902 Non
493 3833 718 3900 animadvertit
741 3831 938 3914 Goldonius,
955 3829 1068 3898 talibus
1090 3830 1220 3912 collegis
1240 3829 1389 3897 admixtis
1411 3828 1512 3918 placi-

346 3957 450 4048 deque
463 3954 590 4039 auditis,
609 3955 751 4022 doctoris
773 3956 912 4024 Honesti
931 3953 1086 4044 judicium
1106 3954 1224 4043 culpari
1246 3978 1350 4042 posse.
1374 3952 1513 4021 Difficile

347 4085 437 4152 enim
450 4081 606 4149 concedas
621 4098 729 4148 mente
744 4098 776 4148 et
789 4081 912 4147 ratione
925 4077 1096 4167 praeditum
1116 4079 1284 4145 hominem
1305 4078 1391 4145 nulla
1411 4078 1511 4146 admi-

348 4206 487 4287 ratione,
508 4203 594 4271 nulla
614 4203 659 4270 ira
682 4221 786 4270 tantas
808 4201 916 4268 audire
937 4202 1092 4285 insanias3
1116 4200 1288 4268 consilium
1311 4220 1433 4268 certum
1454 4201 1514 4268 eli-

346 4326 511 4418 gendum:
528 4346 581 4394 aut
602 4325 770 4394 delirantes
790 4325 919 4407 stultos,
940 4343 994 4392 aut
1018 4325 1116 4391 serios
1136 4325 1220 4391 viros
1242 4325 1405 4413 animique
1425 4317 1514 4391 co‘m-

345 4471 439 4542 potes
461 4452 540 4519 mihi
562 4447 813 4530 ostendendum,
837 4448 957 4515 nedum
979 4447 1048 4515 aliis
1068 4446 1147 4514 alios
1173 4448 1305 4514 misceas
1317 4473 1327 4530 3
1354 4449 1403 4514 sin
1425 4447 1514 4514 aliter

383 4697 407 4737 1.
434 4650 471 4732 te
491 4678 600 4733 midicin
622 4677 719 4749 malgrl
741 4676 780 4731 lui
801 4677 875 4747 (Act.
902 4677 950 4742 Ill,
975 4693 1012 4733 sc.
1040 4677 1087 4747 2);
1111 4676 1246 4730 Monsieur
1269 4676 1299 4730 da
1320 4675 1514 4747 Pourccaugnac

345 4769 420 4839 (Act.
435 4769 471 4834 ΙΙ,
487 4785 524 4823 sc.
542 4769 579 4839 2).
