3600 5682
561 653 758 709 -Quauruu
782 653 827 700 ao
850 656 993 700 urbanas
1018 653 1196 700 PERTlttET.
1422 627 1471 721 ¹23

314 793 451 877 addidit,
481 817 542 883 qua
570 794 603 860 in
627 792 732 861 fabula
755 790 931 882 plurimum
955 793 1186 882 spectatoribus
1210 792 1362 860 Sacchius
1385 810 1476 862 actor

315 917 456 1007 placebat
468 929 490 982 ¹.

358 1042 526 1109 Interdum
548 1063 596 1108 res
618 1039 703 1107 male
723 1039 854 1107 cedebat
872 1039 915 1107 ob
935 1039 1367 1128 recitantium-imperitiam,
1391 1061 1468 1106 non·

313 1165 393 1233 dum
409 1188 502 1233 novae
516 1165 648 1231 rationis
663 1157 738 1231 satis
749 1183 940 1253 compotum
949 1175 972 1246 ²,
991 1164 1166 1252 praesertim
1184 1186 1261 1230 cum
1271 1162 1385 1253 aliquae
1401 1180 1476 1230 tan-

313 1308 385 1357 tum
395 1307 499 1379 partes
509 1291 632 1378 scriptae
645 1308 763 1372 essent,
776 1289 904 1378 reliquis
915 1312 953 1357 ex
961 1289 1137 1376 improviso
1152 1289 1241 1356 actis.
1262 1287 1364 1370 «Sed,
1381 1304 1417 1354 ut
1432 1291 1477 1357 ait

313 1433 436 1495 noster,
460 1437 528 1482 non
557 1415 667 1480 omnia
692 1413 788 1480 simul
811 1414 970 1500 corrigere
992 1411 1154 1492 volebam,
1180 1434 1221 1479 ne
1246 1411 1473 1500 indigenarum

311 1537 489 1606 fabularum
511 1536 654 1605 fautores
679 1535 932 1619 offenderentur,
959 1535 1227 1626 occasionemque
1252 1537 1473 1624 expectabam,

312 1686 375 1752 qua
390 1685 446 1729 eos
459 1659 608 1729 adversos
622 1659 806 1728 invaderem
822 1661 988 1748 majorevi
1003 1683 1038 1727 ac
1053 1661 1250 1728 securitate³.
1271 1686 1287 1723 n

358 1785 597 1875 Spectatoribus
608 1786 694 1852 enirn
706 1807 774 1852 non
790 1786 898 1853 minus
912 1808 1011 1874 quam
1021 1784 1189 1872 agentibus
1204 1786 1340 1852 novitati
1353 1807 1474 1852 assues·

282 1987 284 1990 ¹
312 1932 382 1975 cere
406 1933 488 1999 opus
508 1928 586 1976 erat.
615 1909 653 1975 In
674 1909 811 1980 Rinaldo
834 1907 1075 1992 Montalbono4,
1095 1911 1184 1997 cujus
1207 1927 1436 1994 argumentum
1457 1932 1474 1977 e

314 2033 413 2101 medii
431 2035 489 2100 aevi
513 2033 672 2100 chronicis
691 2050 881 2121 usurpatum
905 2051 984 2113 erat,
1005 2031 1126 2099 solebat
1145 2051 1238 2098 antea
1255 2031 1350 2098 heros
1367 2034 1401 2099 in
1415 2032 1473 2100 du·

312 2181 388 2225 curn
409 2157 583 2225 concilium
600 2158 702 2225 veteri
721 2175 860 2224 centone
880 2157 1065 2238 convenire,
1084 2155 1313 2246 castellumque
1332 2155 1470 2241 domini,

312 2282 374 2349 olla
390 2281 568 2372 torquenda
582 2280 834 2371 figlinorumque
847 2280 1035 2367 fragmentis
1049 2278 1219 2349 defendere
1231 2281 1438 2349 Arlecchinus
1448 2293 1470 2353 5.

312 2404 415 2488 Idem,
432 2407 465 2472 in
478 2406 616 2493 Lapideo
636 2408 765 2473 conviva
787 2403 988 2491 naufragium
1007 2403 1124 2473 inflatis
1143 2405 1266 2472 utribus
1286 2404 1470 2492 effugiebat,

311 2531 390 2598 dum
413 2557 429 2594 (ι
445 2531 609 2599 Dominus
625 2531 765 2616 Joannes
784 2556 799 2593 u
820 2531 1010 2598 siccissimus
1032 2548 1227 2619 comptaque
1246 2551 1372 2596 comae
1392 2531 1473 2598 mari

256 2633 258 2637 ¹
311 2653 524 2740 emergebat⁶.
543 2654 650 2722 Rebus
662 2652 796 2723 feliciter
811 2655 943 2720 mutatis
961 2652 1165 2742 plaudebant,
1186 2675 1255 2720 non
1276 2670 1385 2720 tamen
1404 2653 1472 2721 sine

312 2777 448 2867 quadarn
463 2776 685 2845 admiratione.

356 3043 468 3132 Itaque
489 3042 610 3110 nullam
632 3042 801 3110 omittebat
823 3042 959 3132 scriptor
979 3043 1220 3110 correctionum
1242 3065 1352 3110 causas
1377 3063 1473 3132 atque

311 3186 500 3256 argumenta
519 3166 698 3257 exponendi
721 3187 753 3234 et
777 3166 1032 3234 adversariorum
1053 3166 1303 3235 deridendorum
1327 3168 1473 3234 occasio-

312 3316 399 3360 nem.
419 3292 456 3361 ln
476 3293 625 3372 Muliero,
646 3293 680 3358 in
705 3291 856 3376 Terentio,
878 3309 913 3358 ut
933 3290 1007 3358 alias
1027 3290 1189 3379 negligam
1207 3291 1340 3375 fabulas,
1361 3291 1472 3359 ambo·

312 3441 384 3484 rum
399 3417 529 3484 illorum
542 3436 709 3506 poetarum
726 3438 862 3504 persona
878 3435 972 3482 utens
985 3416 1128 3504 proprias
1143 3416 1317 3483 sententias
1332 3413 1472 3482 defendit

313 3561 342 3608 et
358 3546 448 3608 su'am
468 3563 596 3636 causam
616 3542 683 3628 ipse
705 3538 809 3606 verbis
830 3541 966 3606 minime
990 3538 1147 3624 ambiguis
1165 3539 1241 3625 agit.
1259 3538 1347 3604 Tota
1367 3540 1471 3605 immo
1492 3543 1495 3550 ⁴

310 3664 428 3749 fabula,
449 3666 500 3732 cui
519 3665 684 3732 Theatrum
707 3666 876 3730 cornicum7
892 3662 1018 3743 titulus,
1037 3661 1077 3730 ad
1097 3662 1183 3729 idern
1199 3662 1325 3729 consilii
1344 3660 1471 3728 adhibe·

312 3806 376 3873 tur,
392 3811 528 3879 eamque
543 3787 727 3856 Goldonius
748 3789 870 3871 minus,
889 3786 1051 3854 comoedia
1070 3810 1142 3876 quae
1160 3804 1306 3867 vocetur,
1323 3785 1469 3874 dignam,

312 3937 408 4001 quam
433 3912 581 3980 omnium
605 3936 736 3979 suarum
764 3912 1000 3981 comoediarum
1027 3912 1225 3999 prooemium
1255 3933 1323 3978 esse
1351 3929 1469 3981 censet.

350 4199 373 4258 1.
394 4201 538 4268 Me'moires,
553 4214 573 4258 t.
590 4204 612 4270 l,
629 4220 654 4273 p.
674 4218 731 4274 334.

347 4317 373 4357 2.
394 4301 473 4365 luia,
490 4313 508 4356 t.
523 4302 557 4366 Il,
572 4318 600 4373 p.
619 4316 678 4367 141.

349 4413 372 4465 3.
392 4398 474 4462 ibid„
488 4411 507 4453 t.
524 4399 545 4465 l,
561 4415 588 4468 p.
608 4413 666 4468 327.

347 4509 372 4560 4.
393 4495 500 4548 Rinaldo
514 4495 542 4548 di
557 4495 731 4550 Montalbano.

349 4608 372 4660 5.
394 4591 538 4652 Memorio,
553 4603 571 4646 t.
589 4593 610 4656 I,
626 4608 653 4661 p.
672 4608 731 4661 322.

347 4687 372 4746 6.
390 4688 472 4754 ibid„
486 4702 506 4745 t.
522 4689 545 4753 1,
561 4704 586 4757 p.
608 4704 665 4758 31²·

348 4802 373 4856 7.
394 4785 419 4839 Il
433 4791 512 4839 teatro
525 4787 615 4838 comico
628 4785 731 4856 (1750).
