3600 5682
372 645 412 713 30
550 643 594 689 DE
619 642 800 690 GOLDONIO
825 643 967 692 ITALlCAE
991 639 1111 692 SCAENAE
1135 644 1359 692 CORRECTORE

368 806 516 853 suxeram
529 781 767 874 jucundissimae
779 781 938 866 dialecti¹,
957 806 1029 874 quae
1049 805 1246 874 magnopere
1266 785 1387 852 nostris
1401 783 1532 852 auribus

367 908 486 998 placet,
511 906 567 975 sed
593 931 664 998 quae
687 925 775 975 tusca
799 929 867 974 non
890 925 968 976 erat.
995 907 1210 997 Aprincipiis
1234 906 1329 977 didici
1351 909 1533 996 saepiusque

368 1031 504 1121 legendo
530 1030 695 1099 bonorum
724 1033 921 1124 scriptorum
948 1054 1132 1100 sermonem
1160 1029 1266 1114 colui3
1298 1030 1400 1120 prima
1423 1050 1532 1098 autem

368 1159 479 1225 animo
500 1158 653 1245 impressa
674 1156 838 1224 interdum
868 1157 1074 1238 reviviscunt,
1104 1174 1365 1246 quantacumque
1394 1178 1470 1223 cura
1496 1179 1532 1225 ea

367 1282 519 1350 omittere
535 1303 702 1348 conamur.
719 1281 757 1347 In
773 1279 901 1347 Etruria
917 1281 1136 1368 peregrinatus
1151 1303 1237 1360 sum,
1254 1279 1362 1368 ibique
1376 1297 1533 1367 quattuor

367 1428 470 1473 annos
486 1406 659 1494 permansi,
676 1423 712 1472 ut
726 1403 886 1471 familiaris
903 1403 982 1471 mihi
999 1403 1083 1471 illius
1103 1405 1277 1493 provinciae
1296 1403 1405 1491 lingua
1426 1402 1530 1484 fieret,

367 1531 572 1620 primumque
595 1549 665 1595 mea
693 1551 790 1616 opera
820 1526 991 1597 Florentiae
1019 1528 1204 1596 doctiorum
1232 1526 1406 1595 huminum
1436 1526 1532 1614 hujus

367 1653 454 1721 urbis
468 1675 601 1719 censura
615 1651 737 1720 edenda
756 1653 876 1735 curavi,
892 1670 929 1720 ut
950 1652 1103 1720 omnibus
1122 1652 1218 1734 vitiis,
1239 1668 1398 1741 quantum
1418 1651 1530 1720 saltem

367 1776 405 1847 ad
420 1799 606 1844 sermonem
624 1777 808 1864 pertineret,
824 1795 1049 1865 purgarentur.
1071 1776 1150 1844 Non
1164 1775 1239 1872 satis
1254 1794 1364 1843 tamen
1385 1797 1531 1842 caveram

366 1919 403 1968 ut
425 1900 540 1967 severis
565 1897 800 1968 correctoribus
823 1921 911 1968 arma
934 1897 1156 1967 detraherem:
1183 1897 1302 1988 aliquid
1325 1921 1452 1988 semper
1479 1921 1532 1965 me

366 2025 543 2114 peccavisse
560 2024 749 2110 arguebant,
771 2046 830 2091 nec
850 2023 930 2091 mihi
955 2022 1119 2112 originalis
1141 2021 1241 2112 culpae
1263 2022 1532 2091 veniaconcede-

367 2149 471 2217 batur.
493 2174 509 2212 n

411 2273 463 2339 Sic
484 2270 550 2338 divi
572 2272 711 2360 Augusti
731 2271 932 2360 temporibus
954 2271 1033 2341 Tito
1057 2272 1151 2338 Livio
1172 2271 1387 2360 patavinitatis
1408 2271 1531 2338 crimen

365 2395 492 2463 illatum
515 2414 576 2479 est,
601 2413 632 2462 et
656 2394 740 2483 apud
763 2396 932 2462 Ariostum
955 2395 1112 2463 nonnulla
1139 2396 1326 2484 provinciae,
1350 2416 1414 2486 qua
1438 2412 1530 2461 ottus

365 2536 445 2600 erat,
465 2520 598 2606 vestigia
617 2520 754 2607 reperire
768 2517 912 2608 pluribus
925 2520 1042 2586 visum.
1063 2517 1232 2608 Quidquid
1247 2520 1279 2585 in
1304 2544 1320 2582 r
1337 2521 1411 2586 testi
1425 2518 1457 2585 di
1471 2517 1532 2584 lin·

364 2664 427 2729 gua
443 2669 459 2707 n
481 2665 550 2710 non
568 2641 801 2726 inveniebatur,
816 2639 980 2710 fastidiose
1000 2642 1192 2732 respuebant
1210 2641 1394 2710 Academici
1416 2639 1531 2710 «della

365 2765 487 2835 Crusca
503 2791 539 2851 »3
558 2789 686 2834 necesse
700 2768 799 2852 igitur
812 2786 878 2835 erat
894 2766 1051 2835 Goldonii
1067 2766 1177 2835 stilum
1192 2764 1394 2855 reprehendi,
1412 2767 1445 2833 in
1464 2787 1530 2856 quo

364 2869 505 2958 multum
519 2889 606 2958 abest
622 2909 658 2957 ut
673 2889 793 2979 ubique
809 2908 916 2972 tuscus
931 2912 1039 2958 sermo
1055 2913 1133 2979 pure
1149 2888 1327 2978 splendeat.

408 3015 487 3097 Quo
502 3015 527 3080 si
542 3013 700 3082 utendum
720 3016 752 3080 in
772 3013 886 3081 fabulis
907 3031 1027 3095 censet,
1051 3038 1124 3103 quae
1145 3014 1302 3102 primores
1330 3015 1364 3081 in
1390 3036 1529 3080 scaenam

364 3137 526 3206 deducunt
538 3149 563 3222 ²,
584 3157 696 3206 veneta
719 3157 828 3206 tamen
848 3138 1002 3205 dialecto³
1027 3137 1211 3208 Goldonius
1235 3156 1352 3228 sponte
1371 3137 1527 3228 loquitur.

362 3263 442 3330 Non
464 3262 536 3330 ideo
551 3261 704 3345 multum,
722 3285 794 3351 quae
812 3262 872 3330 sibi
890 3262 1073 3332 Academici
1090 3288 1107 3326 «
1122 3262 1203 3331 della
1225 3263 1347 3331 Crusca
1364 3289 1380 3326 u
1401 3261 1528 3351 objicie-

364 3457 575 3467 ——-—--.

401 3591 424 3630 1.
445 3572 523 3628 Molli
545 3575 626 3628 etiam
649 3590 774 3629 sermone
794 3574 883 3630 italico
903 3573 1014 3628 mollior
1036 3585 1131 3629 veneta
1156 3573 1294 3641 dialectus,
1311 3590 1371 3645 quae
1392 3571 1530 3628 sibilantes

363 3679 446 3717 sonos
460 3664 534 3730 vitat,
550 3675 577 3718 et
590 3665 618 3716 in
628 3662 691 3718 loco
703 3681 716 3718 c
730 3663 817 3719 littera
831 3683 846 3736 q
859 3665 960 3731 utitur3
975 3662 1099 3718 dentibus
1113 3670 1269 3734 expressast
1283 3675 1309 3717 et
1324 3663 1351 3728 d,
1366 3661 1498 3735 liquidam
1512 3679 1527 3715 r

363 3750 429 3807 odit.
444 3750 535 3805 Media
550 3752 618 3804 inter
632 3751 697 3805 duas
709 3750 815 3805 vocales
830 3767 981 3806 consonans
1000 3751 1176 3822 supprimitur
1188 3750 1227 3821 (la
1248 3766 1290 3803 coa
1310 3767 1359 3822 pro
1372 3768 1378 3804 :
1397 3749 1423 3804 la
1437 3748 1527 3819 coda);

362 3856 380 3892 n
393 3851 512 3894 mutatur
526 3839 554 3893 in
567 3857 603 3911 gn
614 3839 719 3910 <guenta
731 3856 797 3910 pro:
812 3841 923 3910 niente);
938 3857 957 3892 x
975 3851 1036 3892 ante
1054 3840 1163 3894 tertiam
1180 3839 1324 3911 singularis
1342 3840 1447 3893 numeri
1469 3855 1528 3908 per·

362 3943 457 3982 sonam
472 3929 500 3981 in
513 3929 596 3981 verbo
612 3944 686 3981 essere
699 3927 858 3999 proponitur
872 3928 913 3998 (xl
926 3945 991 3999 pro:
1004 3928 1028 3996 l)
1042 3927 1147 3999 aliaque
1162 3927 1304 4000 ejusmodi.
1321 3928 1373 3981 Hic
1388 3927 1482 3981 balbus
1497 3943 1528 3980 ac

362 4031 438 4087 paene
451 4015 576 4069 haesitans
589 4032 678 4070 sermo
693 4015 791 4069 melius
804 4027 929 4069 tenerum
942 4032 973 4070 us
996 4017 1072 4088 pueri
1095 4033 1177 4088 quam
1197 4014 1318 4070 adultum
1338 4028 1529 4086 maturumque

362 4103 591 4176 patremfamilias,
606 4103 691 4174 qualis
704 4103 824 4171 Panta10,
841 4104 887 4175 qui
902 4104 1060 4177 plerumque
1082 4117 1178 4160 veneta
1196 4103 1315 4176 loquitur
1333 4103 1459 4169 dialecto,
1479 4121 1529 4158 no-

362 4193 404 4247 bis
418 4191 512 4246 decere
526 4193 641 4249 videtur.

398 4322 422 4364 a.
443 4308 475 4360 In
489 4304 609 4377 Lafiglio
622 4305 762 4358 obbedimtc
776 4304 923 4375 Brighella,
940 4305 1080 4360 saltatricis
1101 4305 1240 4374 cujusdam
1259 4317 1336 4374 pater
1355 4318 1381 4361 et
1395 4308 1440 4377 qui
1459 4306 1529 4359 Pan-

360 4393 445 4448 taloni
457 4396 593 4460 servierat,
608 4405 681 4447 tusce
695 4392 769 4465 loqui
785 4392 899 4460 affectat,
915 4393 963 4448 etsi
980 4395 1117 4465 Bergomo
1133 4406 1218 4459 ortus,
1235 4405 1264 4447 ut
1279 4393 1375 4448 melius
1390 4393 1526 4464 repentini

362 4482 482 4537 hominis
496 4483 625 4553 ditatique
639 4492 727 4554 partes
742 4493 812 4552 agat.

398 4614 421 4668 3.
443 4598 546 4664 Quam,
569 4599 597 4650 in
621 4595 816 4650 Commentariis
835 4595 932 4666 gallice
956 4597 1070 4668 scriptis,
1096 4597 1198 4650 externi
1220 4597 1354 4650 sermonis
1376 4613 1433 4650 non
1458 4598 1528 4650 bene

362 4702 484 4756 compos,
500 4706 514 4736 r
529 4686 615 4756 patuis
630 4707 643 4737 n
659 4685 771 4739 nomine
791 4684 921 4756 designat,
938 4702 1092 4758 quanquam
1105 4701 1136 4739 ea
1153 4685 1267 4740 dialecto
1281 4685 1396 4758 publicis
1411 4687 1529 4741 muneri-

286 4833 288 4838 ,
362 4775 410 4827 bus
425 4775 591 4828 Venetorum
606 4774 699 4828 civitas
713 4774 843 4828 utebatur.
