3600 5682
351 621 390 686 66
523 638 566 684 on
592 637 775 684 ootoouro
800 638 941 684 tarmen
966 639 1085 686 senua
1110 640 1345 688 conaucronu.

349 776 498 845 hortatur
518 794 555 843 ut
576 777 675 863 justas
696 777 822 864 nuptias
845 779 1027 862 contrahat,
1044 777 1224 846 libertatem
1243 780 1391 847 amittere
1412 780 1516 849 Octa-

348 902 419 966 vius
443 916 556 987 negat;
581 900 704 989 placere
723 900 768 966 illi
788 902 863 967 satis
888 920 949 985 est,
977 902 1099 969 nedum
1120 904 1330 971 matrimonio
1352 906 1515 990 jungatur.

347 1023 512 1111 Nepotem
530 1023 629 1109 igitur
647 1023 788 1089 consiliis
808 1023 924 1091 docere
937 1023 1076 1113 praefert,
1093 1043 1124 1092 et
1140 1048 1215 1092 cum
1229 1025 1316 1094 rudis
1332 1028 1515 1095 etiamtum

347 1145 545 1235 timidusque
564 1146 604 1213 sit
625 1145 824 1231 adulescens,
839 1147 923 1214 illius
941 1147 1016 1215 loco
1035 1147 1181 1236 loquitur
1200 1150 1391 1232 avunculus,
1407 1172 1443 1218 ac
1462 1149 1515 1216 be-

348 1271 447 1358 nigne
461 1270 602 1351 auditus,
620 1269 707 1338 hunc
727 1270 780 1338 tali
796 1293 834 1337 ex
853 1271 971 1338 auxilio
992 1272 1164 1339 utilitatem
1184 1273 1344 1360 percipere
1358 1274 1446 1340 sinit.

390 1394 609 1482 Lepidissimae
622 1391 807 1461 comoediae¹
824 1393 891 1459 haec
906 1395 1054 1461 materies
1069 1413 1148 1475 erat,
1160 1397 1186 1462 si
1202 1397 1389 1484 oppositum
1404 1395 1513 1465 fuisset
1561 1421 1566 1430 ·

347 1517 424 1607 quid
444 1517 593 1606 speciosi,
614 1518 748 1583 maturis
769 1519 861 1583 annis
879 1537 1117 1606 comparatum,
1141 1518 1219 1608 quid
1239 1521 1438 1588 auctoritatis
1459 1521 1514 1587 ha·

331 1639 418 1708 'beat
433 1641 484 1706 vir
498 1641 554 1728 qui
569 1639 607 1706 ad
626 1647 775 1706 summos
799 1640 939 1708 honores
962 1642 1156 1728 pervenerit,
1178 1641 1417 1732 simpliciorque
1436 1643 1514 1710 adu-

345 1762 512 1830 lescentuli
535 1762 647 1850 gratia.
673 1764 810 1851 Assequi
832 1761 960 1831 videtur
985 1763 1171 1832 Goldonius
1196 1784 1356 1853 quantum
1385 1789 1423 1832 ex
1451 1764 1513 1834 hoc

347 1887 428 1954 trahi
444 1887 557 1975 possit,
578 1910 654 1954 cum
672 1887 832 1974 virginem
854 1888 1031 1956 Rosauram
1051 1889 1086 1954 in
1104 1886 1281 1955 Octavium
1302 1887 1512 1957 inclinantem

345 2010 486 2079 ostendit
495 2039 505 2095 ;
518 2033 577 2078 nec
592 2034 669 2078 vero
686 2010 740 2078 tali
756 2012 923 2100 proposito
938 2012 1070 2094 insistit,
1082 2029 1179 2101 atque
1190 2013 1293 2080 aetatis
1308 2035 1374 2080 suae
1385 2035 1511 2080 morem

344 2155 484 2218 secutus,
500 2133 718 2202 adulescentes
733 2132 898 2202 connubio
913 2135 1030 2221 jungit.
1049 2135 1204 2204 Ceterum
1220 2137 1367 2226 scriptori
1382 2159 1511 2204 necesse

342 2256 510 2326 videbatur
524 2257 657 2325 heroem
672 2281 768 2324 suum
787 2259 907 2324 amoris
923 2257 1053 2324 insidias
1069 2261 1181 2340 vitare,
1199 2281 1258 2326 nec
1276 2258 1392 2327 talibus
1407 2259 1510 2327 indul-

342 2406 418 2470 gere
433 2384 537 2469 nugis.

387 2508 462 2574 Hoc
476 2505 571 2573 titulo
589 2532 605 2569 (ι
622 2505 870 2573 Fastidiosarum
879 2507 1098 2594 feminarum²
1115 2531 1132 2569 »
1151 2529 1191 2574 ne
1207 2503 1414 2596 decipiamur.
1433 2506 1510 2574 Plus

319 2667 320 2672 κ
341 2649 470 2722 praestat
495 2653 593 2719 quam
617 2630 781 2718 promittit
808 2629 861 2697 illa
884 2630 1063 2712 comoedia,
1090 2655 1162 2720 quae
1185 2629 1326 2719 plebeios
1350 2630 1509 2699 nobilitati

341 2754 521 2822 invidentes
539 2753 701 2842 producit,
718 2754 979 2843 optimatumque
995 2775 1104 2821 tamen
1127 2756 1159 2820 in
1175 2752 1425 2821 familiaritatem
1441 2778 1509 2821 sese

342 2879 468 2947 admitti
494 2880 668 2964 cupientes.
696 2877 744 2944 Ibi
768 2899 897 2944 cernere
919 2879 1024 2967 possis
1047 2877 1166 2944 ditatos
1192 2877 1360 2958 homines,
1391 2877 1507 2944 humili

340 3001 413 3069 loco
437 3018 540 3082 ortos,
560 3001 706 3065 nummis
726 3000 885 3086 primores
905 3000 1119 3067 conveniendi
1137 2998 1322 3068 facultatem
1341 3015 1505 3086 ementes;

340 3125 567 3213 patriciorum,
595 3125 711 3190 eversis
734 3123 891 3205 fortuniS,
914 3122 1100 3190 aviditatem
1124 3124 1220 3191 simul
1248 3107 1508 3215 superbiamlpue,

340 3265 496 3318 secretam
510 3264 620 3314 autem
637 3244 884 3333 indulgentiam,
902 3269 975 3313 cunt
992 3248 1086 3313 asuis
1102 3270 1134 3314 se
1156 3269 1223 3314 non
1243 3246 1361 3337 adspici
1382 3266 1507 3336 putant.

339 3374 589 3461 Nonnunquam
609 3372 714 3462 immo
736 3368 848 3436 validis
869 3370 1039 3461 crudisque
1063 3369 1225 3438 coloribus
1246 3395 1295 3438 res
1316 3371 1506 3455 illustratur,

341 3498 518 3587 praesertim
548 3519 623 3563 cum
650 3517 761 3562 comes
787 3493 993 3582 Onophrius,
1017 3497 1233 3584 inexspectata
1262 3494 1391 3563 fortuna
1416 3519 1507 3576 usus,

340 3623 418 3688 dum
442 3619 568 3686 domini
587 3619 672 3687 laute
693 3619 727 3685 in
751 3618 892 3686 triclinio
916 3620 1144 3702 convivantur,
1167 3641 1243 3686 cum
1267 3620 1394 3708 coquis,
1417 3619 1508 3686 nullo

340 3744 475 3835 pudore,
503 3763 651 3812 ventrem
679 3741 792 3830 implet
819 3741 981 3832 longaque
1004 3743 1120 3833 jejunia
1142 3761 1278 3832 reparat,
1307 3761 1400 3810 tanto
1426 3765 1508 3832 opus

251 3885 255 3893 '
339 3893 407 3936 esse
422 3885 574 3957 apparatu
590 3889 658 3933 non
680 3865 862 3954 intelligens
880 3885 914 3934 ut
928 3865 1029 3934 fames
1046 3867 1191 3932 satietur.

384 3992 514 4059 Omnes
536 3993 581 4057 ita
606 3990 735 4057 ordines
758 4011 833 4057 ante
857 3988 970 4056 oculos
992 3991 1132 4057 vicissim
1157 4007 1377 4077 exponuntur.
1407 3989 1504 4078 Opti-

338 4134 464 4184 matum
479 4135 587 4182 autem
605 4113 759 4196 ridiculis,
777 4137 843 4180 non
861 4113 942 4181 bene
960 4113 1019 4181 sibi
1038 4116 1139 4194 notis,
1158 4116 1265 4180 minus
1279 4134 1375 4202 poeta
1388 4115 1507 4182 insistit

338 4265 436 4332 quam
449 4239 677 4320 humiliorum,
693 4238 886 4328 quibuscum
901 4237 1098 4306 familiariter
1111 4240 1243 4305 vixerat.
1263 4238 1413 4305 Scaenicae
1427 4261 1506 4327 prae-

338 4434 551 4444 -—————-——

376 4571 399 4608 1.
421 4551 464 4607 Cf.
487 4553 526 4606 La
541 4550 640 4622 pupille
657 4568 672 4604 a
687 4551 779 4620 Fagan
798 4561 824 4604 et
844 4549 899 4602 Der
919 4549 1003 4602 Mona
1024 4565 1074 4601 von
1095 4549 1197 4618 virtrig
1210 4547 1336 4616 Jahrena
1355 4546 1505 4601 Kotzebue.

337 4641 399 4695 Vid.
419 4642 501 4694 etiam
515 4641 621 4710 Margo!
635 4641 819 4692 recentissime
834 4638 947 4692 Lutetiae
963 4638 990 4690 in
1005 4636 1111 4691 Gallico
1126 4636 1231 4689 theatro
1246 4639 1366 4690 recitata.

374 4772 397 4810 2.
421 4757 455 4818 Le
463 4756 587 4838 foramine
596 4752 760 4825 puntigliose.
