3600 5682
574 629 745 686 Quauruu
770 630 816 677 uu
840 633 941 677 nouus
964 628 1144 677 saurauer.
1394 632 1435 698 49

273 767 450 859 periculum
473 766 584 850 adire3
612 768 726 836 melius
748 767 875 836 videtur
899 793 917 836 a
941 791 1033 855 tergo
1059 786 1252 856 occupatum
1275 788 1436 836 amantem

273 893 374 960 sicarii
393 890 572 981 cujusdam,
593 892 740 960 mercede
759 892 923 978 conducti,
946 893 1061 962 ictibus
1082 893 1287 978 occumbere,
1307 911 1362 960 aut
1385 917 1438 983 pe-

273 1020 342 1086 dica
355 1019 578 1107 inopinantem
594 1020 830 1103 circumveniri,
843 1043 905 1110 qua
920 1019 1017 1087 simul
1032 1038 1063 1086 et
1078 1017 1180 1087 homo
1196 1038 1228 1088 et
1243 1017 1344 1108 culpae
1356 1018 1437 1087 indi·

274 1145 360 1211 cium
374 1144 527 1211 cesserint
539 1155 561 1211 ¹.
580 1144 657 1211 Haec
673 1142 804 1234 quidem
823 1143 929 1211 fabula
948 1143 1090 1211 multum
1110 1144 1261 1233 prodesse
1279 1162 1386 1235 potest
1403 1163 1439 1212 ut

274 1266 369 1335 italici
384 1289 491 1334 mores
507 1268 633 1357 penitus
650 1266 870 1357 intelligantur
879 1295 889 1354 ;
905 1289 1076 1357 personam
1092 1268 1178 1335 enim
1194 1269 1288 1336 istam
1303 1267 1439 1336 admire-

275 1414 349 1460 mur
367 1390 551 1460 Goldonius
567 1389 654 1459 haud
669 1390 765 1459 dubie
778 1390 901 1460 efficere
915 1390 1068 1476 intendit,
1087 1415 1170 1481 quae,
1187 1391 1311 1479 Ulyssis
1325 1392 1436 1474 instat,

275 1515 496 1585 audacioribus
516 1517 621 1605 procis
641 1539 675 1583 se
696 1516 835 1606 expedit,
858 1516 1070 1607 providetque
1091 1539 1132 1583 ne
1156 1517 1189 1583 iu
1213 1515 1367 1604 judicium
1390 1539 1439 1584 res

275 1639 432 1710 deveniat.
452 1640 559 1709 Multo
575 1640 685 1731 plausu
702 1660 828 1732 accepta
842 1661 890 1709 est
906 1641 1080 1723 comoedia,
1092 1665 1153 1733 qua
1168 1665 1234 1709 suae
1247 1643 1352 1731 gentis
1365 1642 1438 1710 inti·

275 1787 348 1834 mos
363 1789 475 1834 sensus
489 1788 621 1834 movere
637 1767 774 1855 scriptor
787 1765 940 1834 valuerat.

319 1892 397 1960 Non
413 1890 610 1972 mirandum,
626 1890 748 1959 hercle!
773 1908 896 1960 tutores
915 1909 1084 1982 patresque
1097 1913 1213 1980 parum
1228 1914 1295 1960 esse
1312 1892 1439 1983 quietos

277 2035 309 2084 et
323 2016 360 2084 ab
378 2015 531 2084 uxoribus
546 2017 679 2084 maritos
695 2038 806 2084 cavere
822 2038 863 2082 ne
877 2015 1020 2104 conjugii
1034 2014 1132 2082 fidem
1147 2015 1277 2100 laedant,
1294 2039 1330 2083 ea
1343 2014 1438 2084 facili-

278 2159 341 2208 tate
356 2164 418 2231 qua
433 2140 594 2208 connubia
607 2159 685 2207 tunc
699 2139 943 2227 jungebantut².
957 2141 1228 2230 Frequentissime
1242 2139 1369 2230 pupillae
1384 2158 1440 2208 aut

277 2268 370 2333 uxori
387 2267 619 2334 monasterium
638 2263 681 2333 illi
702 2267 879 2350 minantur,
903 2269 993 2355 cujus
1012 2284 1122 2334 tamen
1146 2288 1298 2355 usurpare
1318 2288 1440 2334 nomen

277 2391 310 2457 in
324 2413 426 2458 scaena
446 2414 514 2459 non
533 2389 658 2459 licebat.
683 2391 832 2479 Fingitur
850 2391 958 2481 itaque
979 2390 1117 2480 puellam
1135 2391 1201 2458 ruri
1219 2390 1303 2481 apud
1325 2409 1439 2460 mater-

278 2534 380 2583 teram
394 2517 519 2584 educari
526 2542 535 2599 ;
549 2539 613 2607 qua
625 2516 729 2606 specie
743 2515 840 2584 libere
855 2514 1038 2584 Goldonius
1053 2515 1161 2604 objicit
1179 2517 1213 2582 in
1228 2516 1440 2585 conventibus

279 2641 417 2728 virgines
440 2639 598 2709 simulatae
620 2641 748 2709 virtutis
771 2640 910 2729 speciem
931 2639 1077 2708 affectare
1101 2639 1226 2724 doceri,
1249 2661 1308 2708 nec
1331 2658 1439 2708 tamen

278 2764 424 2834 occultos
439 2765 563 2834 excludi
577 2788 716 2834 amores.

322 2889 456 2958 Virtutis
477 2891 563 2958 enim
587 2889 748 2958 simulatio
768 2912 934 2958 summum
954 2889 1048 2979 hujus
1074 2887 1176 2957 effetae
1199 2890 1301 2958 aetatis
1323 2889 1438 2958 vitium

278 3033 423 3106 apparet3
436 3014 524 3106 quod
535 3037 649 3083 omnes
663 3034 740 3083 tunc
755 3017 904 3083 exsistere
915 3015 1136 3099 consentiunt,
1148 3013 1285 3105 licetque
1297 3017 1440 3104 corrupti

279 3162 384 3207 mores
404 3157 478 3208 aute
500 3139 614 3208 oculos
633 3139 797 3230 patefiant,
819 3139 922 3208 verbis
944 3160 1054 3208 tamen
1072 3161 1199 3208 summa
1214 3162 1289 3208 cura
1301 3140 1441 3230 parcitur

278 3263 564 3355 probatissimaque
582 3266 685 3355 specie
704 3265 865 3334 interioris
883 3263 1031 3356 pudenda
1052 3265 1268 3333 occultantur.
1287 3265 1357 3334 Nec
1376 3266 1441 3354 jam

277 3389 312 3456 in
340 3412 442 3456 scaena
470 3387 606 3457 audetur
632 3388 805 3457 affectuum
832 3390 983 3479 legitimis
1008 3389 1150 3457 motibus
1180 3390 1319 3478 spatium
1347 3387 1439 3474 dare,

279 3513 471 3605 quandoque
494 3515 632 3597 Parmae,
653 3537 741 3583 anno
767 3518 863 3603 1756,
885 3514 1031 3602 gallicam
1054 3514 1193 3583 fabulam
1218 3534 1292 3583 ante
1315 3513 1440 3604 Philip-

277 3662 355 3728 pum
370 3638 484 3706 ducem
500 3639 656 3708 Ludovici
670 3635 746 3724 XV,
765 3639 875 3708 Galliae
897 3641 992 3729 regis,
1007 3662 1165 3729 generum
1185 3640 1236 3729 agi
1257 3638 1337 3707 vidit
1360 3637 1440 3708 Gol-

278 3763 406 3847 donius,
426 3765 460 3831 in
481 3787 543 3854 qua
564 3763 748 3832 adulescens
766 3763 897 3856 quidam
912 3764 1051 3855 puellam
1070 3763 1298 3834 osculabatur:
1328 3765 1440 3833 rrHaec

316 4062 340 4103 r.
360 4019 419 4103 liet.¹
436 4047 459 4112 1,
475 4063 512 4103 sc.
532 4049 572 4102 ru.

314 4177 339 4218 2.
361 4160 426 4216 Solo
446 4177 577 4216 consensu
597 4163 783 4236 manibusque,
805 4162 925 4218 adductis
952 4165 1073 4230 testibus,
1097 4165 1206 4235 junctis.
1230 4165 1287 4218 Nec
1307 4165 1333 4218 id
1356 4178 1439 4218 unum

278 4251 393 4304 restabat
406 4253 512 4305 romani
527 4254 592 4324 juris
610 4254 754 4324 vestigium
777 4254 805 4308 in
824 4254 972 4307 recentiore
993 4253 1079 4308 ltalia.
1098 4254 1131 4308 Et
1146 4254 1252 4308 decimo
1272 4265 1366 4308 octavo
1381 4265 1441 4326 post

279 4339 417 4394 Christum
431 4340 541 4405 saeculo,
559 4339 724 4396 filiifamilias
744 4343 770 4395 in
792 4353 923 4413 potestate
942 4344 1024 4414 patris
1043 4343 1163 4398 Veneriis
1184 4353 1376 4407 remanserant,
1392 4359 1441 4396 nec

278 4425 337 4497 plus
358 4429 423 4499 juris
446 4429 580 4482 habebant
602 4447 683 4502 quarn
703 4432 807 4495 Rornae,
829 4448 891 4484 cum
919 4432 1073 4502 peritissimi
1096 4430 1276 4502 jurisconsulti
1302 4431 1439 4486 florerent.

279 4515 298 4567 F
302 4513 488 4582 iliusfamilias,
504 4517 554 4570 nisi
570 4534 584 4570 a
604 4530 713 4587 parente
728 4520 918 4587 manumissus,
933 4519 1048 4590 obligari
1062 4535 1118 4572 non
1136 4529 1239 4590 potest3
1256 4519 1277 4571 si
1294 4518 1356 4589 quid
1376 4516 1441 4572 deli-

278 4606 374 4676 querit,
387 4606 458 4661 hunc
469 4608 497 4661 in
506 4625 615 4673 navem,
627 4612 782 4680 gregarium
793 4621 912 4675 nautam,
925 4609 1103 4664 conscendere
1113 4622 1196 4680 pater,
1210 4607 1337 4679 puniendi
1351 4624 1439 4671 causa,

278 4695 370 4763 jubere
384 4695 462 4752 valet.
474 4696 557 4766 (Vide
571 4696 700 4752 Goldonii
714 4697 941 4768 Putremfamilias,
956 4699 1016 4753 Act.
1033 4700 1081 4764 lll,
1093 4715 1128 4754 sc.
1142 4697 1200 4766 26.)
1214 4699 1271 4751 Dos
1285 4696 1376 4750 uxoris
1391 4709 1439 4763 est,

259 4802 262 4808 ·
280 4800 329 4837 nec
344 4801 374 4838 ea
389 4783 448 4856 plus
463 4797 581 4855 repetere
594 4796 681 4856 potest
696 4803 777 4856 quam
793 4787 931 4858 receperit,
947 4787 968 4840 si
983 4785 1062 4839 vidua
1078 4787 1136 4851 erit,
1155 4798 1199 4839 aut
1213 4786 1360 4856 repudiata.

386 4907 422 4946 oe
441 4906 599 4949 coxoouro.
1320 4907 1336 4958 4
