3588 5680
313 629 374 694 108
483 645 527 690 us
551 641 732 690 sornouro
759 642 900 690 marren
924 641 1044 689 scanne
1069 637 1306 688 cornucronr.

313 785 423 869 Frero,
438 784 473 850 in
494 782 672 852 Litterarr'r's
689 780 882 866 Annalibus,
898 781 1042 849 italicum
1066 780 1181 846 Verum
1200 779 1339 844 amicum
1353 777 1387 843 in
1407 775 1478 844 Na-

312 907 409 973 turali
420 905 492 994 filio
508 903 597 973 furto
617 905 782 970 imitatum
804 901 1000 970 Diderotum
1019 899 1116 969 fuisse
1136 901 1319 990 scripserat,
1346 899 1479 986 integris

312 1030 456 1096 scaenisa
475 1027 643 1096 Goldonio
665 1025 756 1095 nullo
780 1024 904 1116 pudore
926 1025 1078 1114 sumptis,
1099 1024 1341 1114 Diderotusque
1358 1024 1392 1092 in
1411 1045 1480 1091 res·

312 1151 486 1244 pondendo
508 1151 715 1220 Goldonium
736 1151 932 1240 «sexaginta
953 1165 1008 1216 aut
1027 1146 1165 1237 amplius
1187 1147 1335 1216 scurriles
1358 1144 1479 1215 fabulas

313 1277 568 1365 composuisse»
594 1276 728 1356 dixerat,
750 1298 767 1343 e
788 1273 906 1365 quibus
926 1273 1062 1342 minima
1085 1269 1191 1362 praeda
1213 1270 1357 1339 facienda
1381 1287 1475 1340 esset.

312 1399 605 1467 Vehementissime
619 1417 728 1465 aurem
745 1399 874 1487 negavit
883 1396 1008 1465 italicus
1021 1415 1117 1486 poeta
1127 1417 1162 1462 se
1171 1417 1316 1485 unquam
1325 1393 1419 1482 hujus
1429 1393 1479 1460 in·

312 1523 527 1591 simulationis
550 1524 737 1611 participem
750 1520 859 1604 fuisse,
880 1520 1114 1610 declaravitque
1134 1519 1300 1606 omnibus,
1319 1517 1373 1608 qui
1387 1538 1479 1584 aures

313 1647 453 1737 praebere
468 1644 601 1728 vellent,
618 1647 699 1712 Filii
711 1644 865 1713 naturalis
880 1645 1047 1713 materiam
1063 1643 1152 1711 nullo
1168 1645 1204 1710 in
1218 1643 1317 1734 ipsius
1332 1640 1480 1730 operibus

312 1769 400 1838 furto
427 1769 623 1837 Diderotum
652 1769 785 1859 cepisse,
817 1768 922 1836 multo
953 1770 1050 1837 etiam
1074 1769 1183 1836 minus
1213 1766 1475 1855 Patrisfamilr'as,

314 1917 499 1984 quanquam
513 1895 581 1984 ipse
600 1893 739 1962 fabulam
757 1892 901 1980 ejusdem
922 1892 1008 1961 tituli
1026 1893 1276 1982 composuisset,
1303 1912 1363 1958 nec
1383 1887 1479 1956 Dide·

314 2035 389 2085 roto
400 2040 482 2106 opus
493 2039 561 2086 esse
572 2036 661 2086 trans
675 2034 805 2085 montes
820 2016 1056 2084 comoediarum
1072 2016 1220 2084 materias
1235 2035 1388 2105 quaerere,
1406 2035 1479 2080 cum

314 2144 460 2209 animum
475 2165 492 2208 a
506 2141 719 2209 severioribus
737 2140 841 2209 levare
860 2140 1022 2208 laboribus
1035 2139 1143 2208 vellet.
1160 2141 1240 2209 Non
1254 2163 1294 2208 eo
1309 2155 1480 2206 contentus

314 2264 404 2354 quod
419 2286 629 2333 communem
646 2287 802 2346 errorem,
813 2265 846 2331 in
857 2265 996 2352 septimo
1012 2286 1148 2352 operum
1164 2285 1299 2330 suorum
1313 2261 1479 2331 volumine

316 2387 555 2475 Patresamr'lias
584 2389 725 2476 Veroque
753 2389 852 2454 arnico
879 2387 991 2469 editis,
1020 2405 1218 2468 correxerat,
1248 2384 1479 2476 philosophum

313 2512 422 2599 ipsum
444 2507 533 2590 adiit,
555 2510 594 2578 ad
621 2533 719 2600 quern
737 2511 776 2578 ab
795 2513 962 2602 utriusque
982 2513 1100 2593 amico,
1126 2511 1258 2578 musicae
1279 2510 1355 2577 artis
1379 2509 1479 2598 perito

316 2635 441 2716 Dunio,
468 2633 573 2702 aditus
596 2633 771 2723 patefactus
794 2655 872 2703 erat.
893 2634 1071 2704 Confessus
1086 2652 1134 2703 est
1152 2635 1284 2726 quidem
1305 2634 1480 2703 Diderotus

317 2784 332 2820 a
350 2760 399 2826 sui
417 2758 675 2826 delicatissimam
691 2777 827 2848 partem,
844 2757 876 2825 id
895 2758 1047 2850 estquod
1068 2758 1107 2825 ad
1124 2759 1256 2826 litterari
1271 2757 1481 2826 existimatio-

316 2905 390 2950 nem
405 2883 591 2970 pertineret,
612 2884 719 2951 laesam
737 2881 834 2949 fuisse
851 2908 883 2967 s,
905 2883 1032 2951 nullum
1047 2901 1156 2952 autern
1174 2882 1349 2958 addiditse
1369 2880 1479 2948 odium

315 3028 467 3088 servasse,
482 3003 644 3094 amboque
657 3005 716 3073 viri
731 3028 799 3072 sese
812 3004 955 3095 famplexi
969 3023 1059 3091 sunt,
1076 3030 1151 3074 cum
1167 3007 1296 3074 Dunius
1310 3007 1371 3074 hos
1385 3004 1480 3073 Tassi

314 3150 425 3196 versus
439 3129 473 3195 in
489 3130 682 3196 memoriam
697 3129 860 3215 aptissime
874 3148 1053 3198 revocasset
1068 3156 1074 3196 :

608 3324 689 3404 Ogni
703 3323 784 3384 trista
801 3326 944 3386 memoria
958 3326 1037 3386 omai
1053 3326 1076 3385 si
1091 3327 1184 3386 taccia

608 3431 630 3490 E
647 3430 792 3512 pongansi
805 3432 835 3491 in
851 3430 931 3492 oblio
946 3431 973 3492 le
988 3431 1094 3492 andare
1110 3436 1196 3492 cosel

359 3630 445 3698 Tam
460 3630 601 3720 prudens
615 3634 718 3698 immo
732 3629 792 3699 fuit
807 3631 991 3699 Goldonius
1007 3650 1042 3698 ut
1059 3632 1137 3699 alius
1152 3632 1224 3714 viri,
1245 3630 1350 3698 multo
1371 3628 1480 3698 diffici-

314 3754 394 3822 liore
407 3753 528 3838 indole,
543 3755 677 3840 Joannis
689 3754 800 3839 Jacobi
815 3755 902 3836 Rufi,
919 3755 1121 3823 inimicitiam
1131 3757 1257 3824 vitaret.
1272 3756 1385 3843 Longa
1400 3753 1480 3822 scala

271 3965 274 3970 ,
316 3877 354 3944 ad
373 3878 560 3945 cenaculum
579 3877 737 3960 ascendit,
759 3879 793 3945 in
813 3901 879 3968 quo
898 3877 1124 3946 celeberrimus
1146 3878 1359 3969 philosophus
1383 3879 1481 3946 vitam

315 3999 441 4088 agebat,
459 4021 611 4090 aegroque
625 4002 735 4068 animo
749 4020 877 4069 tantum
894 4001 1063 4069 hominem
1085 4003 1216 4070 musicae
1237 4001 1379 4084 notulas,
1396 4000 1481 4068 unde

316 4124 436 4190 victum
455 4141 624 4212 quaereret,
649 4125 884 4192 exscribentem
903 4125 994 4193 vidit.
1013 4125 1149 4194 Summa
1171 4144 1279 4193 autem
1303 4126 1386 4193 cavit
1407 4147 1481 4192 cura

317 4269 357 4313 ne
373 4246 461 4336 quod
476 4249 691 4315 miserationis
704 4250 835 4337 signum
856 4249 1019 4337 proderet,
1041 4249 1145 4317 italica
1164 4237 1346 4338 prohibitus
1365 4251 1481 4317 astutia

316 4371 494 4457 quominus
510 4390 578 4438 tam
592 4370 689 4438 stulte
703 4391 858 4460 peccaret.
878 4373 973 4441 Cavit
992 4375 1169 4462 praesertim
1186 4395 1227 4441 ne
1245 4372 1480 4464 Confesrlonum

316 4496 463 4582 scriptori
478 4495 637 4562 Morosum
654 4494 819 4583 beneficum
833 4494 965 4584 legeret,
987 4518 1172 4586 quanquam
1193 4495 1225 4563 id
1243 4515 1337 4566 antea
1355 4497 1481 4585 promi-

316 4635 422 4699 serat3
448 4617 641 4705 suspiciosus
666 4619 754 4685 enim
778 4618 953 4686 hominum
978 4619 1128 4686 inimicus
1158 4618 1255 4687 talem
1279 4618 1418 4688 fabulam
1442 4619 1481 4688 ad

317 4763 406 4807 suam
418 4737 558 4827 effigiem
573 4740 682 4808 fictam
691 4739 787 4809 fuisse
797 4741 999 4810 existimandi
1009 4742 1213 4810 occasionem
1224 4764 1293 4810 non
1304 4743 1477 4812 omisisset.
