3588 5680
531 651 576 696 DE
601 651 783 698 GOLDONIO
808 650 964 698 LUTETIAE
988 651 1162 700 MORANTE.
1365 655 1422 701 111

259 809 327 855 tem
340 786 530 855 familiarem
548 789 583 854 in
605 785 704 856 dubio
725 789 842 857 versari
860 809 941 856 uxor
959 788 1122 876 intelligit,
1137 804 1170 856 et
1186 787 1335 858 nondum
1350 789 1427 881 quid

261 908 440 979 timendum
455 911 496 978 sit
511 908 593 978 bene
607 928 706 995 certa,
718 928 871 999 patruum
885 909 963 993 adit,
976 933 1118 1001 veroque
1133 911 1280 1000 cognito,
1293 935 1380 981 ream
1395 937 1428 981 se

260 1032 445 1114 confitetur,
461 1057 534 1123 quae
547 1051 657 1100 tamen
672 1035 777 1102 nescia
797 1033 988 1123 peccaverit,
1004 1036 1173 1125 virumque
1189 1036 1281 1126 culpa
1294 1035 1428 1106 liberare

260 1177 395 1225 conatur
400 1185 410 1244 3
423 1180 562 1247 cumque
576 1156 861 1226 vehementissime
877 1177 1061 1244 moveatur,
1073 1182 1137 1228 vox
1150 1159 1342 1249 animusque
1355 1183 1428 1227 eam

259 1279 424 1350 deficiunt.
438 1281 629 1365 Gerontius,
641 1305 738 1371 quem
753 1281 879 1350 duritiae
892 1305 958 1350 suae
972 1282 1084 1372 pudet,
1095 1301 1307 1371 aegrotantem
1322 1282 1425 1369 fovet,

261 1427 328 1472 rem
342 1405 375 1471 in
390 1405 554 1492 integrum
570 1406 738 1472 restituere
751 1425 894 1495 paratus,
906 1428 979 1473 cum
996 1404 1310 1488 auditutValetium,
1321 1406 1429 1495 Ange-

260 1527 327 1596 licae
345 1550 515 1617 sponsum,
530 1526 570 1594 de
590 1529 743 1617 negotiis,
760 1529 875 1619 quibus
894 1527 1078 1618 implicatur
1097 1528 1295 1610 Dalancour,
1312 1531 1430 1597 certio·

261 1675 328 1720 tem
348 1649 482 1732 factum,
497 1651 542 1718 illi
557 1649 760 1719 facultatibus
780 1671 812 1720 et
831 1651 894 1719 fide
916 1652 1104 1720 auxiliatum
1124 1674 1204 1737 esse,
1227 1652 1428 1743 dignumque

225 1817 231 1826 -
261 1775 319 1843 hac
332 1774 529 1863 benignitate
547 1797 581 1842 se
603 1775 781 1844 ostendisse
802 1776 856 1866 qui
877 1798 1024 1844 sororem
1046 1775 1152 1843 ducat.
1172 1773 1317 1864 Operam
1339 1799 1430 1844 suam

259 1921 417 1988 generoso
427 1900 537 1966 animo
553 1897 676 1967 Dorval
689 1900 866 1988 interponit
880 1917 916 1967 ut
930 1900 1052 1988 nuptiae
1065 1899 1309 1980 contrahantur,
1322 1899 1430 1989 hospi-

261 2023 408 2113 tiumque
416 2023 451 2090 in
465 2022 567 2090 domo
581 2046 636 2090 sua
650 2021 755 2092 fratris
770 2022 837 2092 filio
849 2026 981 2113 ejusque
996 2023 1089 2089 uxori
1103 2023 1281 2090 Gerontius
1295 2023 1426 2111 praebet.

262 2147 458 2213 Premuntur
471 2146 602 2214 tandem
619 2146 729 2229 aulaea,
746 2145 825 2214 dum
839 2146 968 2214 fletibus
983 2163 1178 2235 spectatores
1192 2143 1361 2232 indulgent
1379 2166 1429 2215 to·

263 2268 510 2360 tamquevident
519 2268 674 2337 familiam
685 2271 766 2338 circa
776 2269 941 2340 mollitum
951 2297 967 2336 c<
976 2269 1172 2338 Morosumn
1184 2268 1427 2359 conglobatam.

305 2395 423 2462 AEtatis
437 2393 568 2484 quidem
585 2395 713 2484 propria
728 2411 806 2462 nota
825 2395 892 2464 haec
911 2393 1017 2462 fabula
1040 2396 1163 2483 signata
1182 2412 1242 2476 est,
1264 2417 1330 2483 quo
1350 2414 1432 2462 tem-

263 2539 341 2606 pore
361 2540 478 2586 omnes
495 2517 644 2586 homines
661 2537 810 2587 tenerum
825 2541 957 2586 sensum
971 2516 1172 2586 affectabant.
1197 2518 1322 2585 Malum
1346 2519 1433 2586 enim

263 2639 437 2730 quemdam
456 2642 540 2709 inter
559 2659 611 2709 tot
629 2663 784 2730 personas
804 2640 921 2710 frustra
939 2641 1080 2730 requiras
1094 2642 1318 2730 incertumque
1336 2658 1432 2708 restat

264 2782 375 2831 utrum
394 2764 504 2853 potius
526 2765 567 2831 sit
581 2761 767 2853 probandus
785 2763 976 2846 Gerontius,
995 2787 1035 2831 an
1054 2762 1283 2852 vituperandus
1293 2788 1303 2847 ;
1326 2763 1435 2853 itaque

263 2886 413 2955 nonnulli
421 2885 521 2976 culpae
530 2904 634 2977 poetae
645 2886 811 2955 vertebant
823 2888 910 2976 quod
922 2904 953 2955 et
962 2887 1159 2955 Gerontium
1167 2888 1272 2976 ipsum
1280 2885 1320 2954 ad
1329 2887 1434 2953 imum

201 2997 207 3012 ⁸
265 3012 372 3079 mirari
391 3023 613 3101 cogerentut¹,
631 3033 691 3079 nec
710 3012 813 3080 virtus
834 3034 851 3078 a
871 3012 951 3080 vitio
968 3013 1043 3081 satis
1058 3010 1194 3081 discerni
1209 3028 1330 3101 posset.
1348 3011 1434 3079 Vali-

264 3133 390 3203 diorem
403 3153 509 3204 autem
531 3131 671 3203 fabulam
685 3157 753 3202 non
771 3134 918 3203 tulissent
934 3137 990 3226 qui
1005 3135 1149 3220 aderant,
1168 3153 1199 3203 et
1215 3159 1277 3225 qua
1289 3132 1434 3203 animad-

265 3249 457 3327 vertendum
469 3278 551 3326 esset
561 3277 720 3348 quantum
735 3257 802 3326 aliis
812 3260 891 3327 vitio
907 3282 967 3327 suo
986 3260 1164 3329 Gerontius
1177 3281 1296 3328 nocere
1310 3277 1431 3349 posset.

265 3383 499 3451 Vehementior
513 3384 602 3450 enim
616 3381 765 3450 molliore
789 3406 884 3451 sensu
905 3384 1046 3472 praeditis
1066 3386 1132 3453 visa
1153 3403 1199 3452 est
1220 3406 1324 3452 scaena
1344 3406 1433 3473 quae-

266 3508 353 3591 dam,
386 3508 419 3575 in
448 3530 511 3596 qua
541 3507 718 3575 Gerontius
742 3530 871 3576 servum
899 3509 1071 3576 iracundus
1101 3510 1242 3598 primum
1270 3508 1431 3588 vulnerat,

267 3654 405 3722 eumque
427 3650 551 3722 postea,
575 3633 782 3699 miseratione
797 3650 922 3714 motus,
940 3630 1049 3715 fovet3
1065 3633 1171 3700 immo
1186 3629 1306 3698 flebiles
1320 3629 1435 3700 fabulae

265 3774 369 3845 partes
383 3757 482 3822 nimia
496 3753 696 3844 indulgentia
710 3755 853 3846 plerique
870 3754 1054 3826 laudabant.

310 3877 617 3947 Animadvertebant
637 3898 759 3963 tamen,
785 3906 801 3944 u
817 3880 890 3948 licet
912 3881 1089 3948 Gerontius
1110 3880 1144 3947 in
1162 3879 1293 3969 pulpitis
1311 3880 1436 3946 'novam

267 4001 473 4092 sapidamque
497 4025 682 4091 personam,
704 4021 736 4070 et
757 4004 793 4071 in
814 4005 880 4071 vita
898 4003 1204 4094 frequentissimam,
1227 4002 1434 4088 ostendisset,

266 4126 400 4195 validius
416 4125 611 4195 comoediam
626 4127 789 4215 scriptoris
803 4145 913 4196 mente
927 4145 1117 4216 conceptam
1136 4150 1233 4217 quam
1249 4149 1346 4215 opera
1362 4148 1435 4214 per·

265 4250 382 4334 lectam
397 4249 492 4318 fuisse
502 4261 527 4332 ²,
544 4251 768 4340 aptioremque
784 4251 884 4320 videri
900 4250 1104 4320 Goldonium
1120 4251 1159 4319 ad
1174 4248 1294 4318 fabulas
1311 4271 1383 4339 quae
1399 4271 1438 4316 ex

305 4463 329 4504 1.
350 4446 468 4512 Grimm,
494 4445 715 4517 Corrcspondanca
736 4445 869 4504 litteratim,
894 4446 944 4504 Ed,
963 4447 1121 4512 Tourneux,
1137 4458 1155 4504 t,
1174 4447 1222 4511 IX,
1241 4464 1266 4516 p,
1293 4446 1350 4516 389,
1376 4443 1439 4514 Epi.

267 4526 352 4593 ⁵¹⁰¹&
368 4543 428 4598 (111ae
440 4527 474 4580 de
488 4528 587 4581 Moroso
603 4525 710 4596 benefico
726 4525 854 4598 loquitur,
870 4544 972 4582 nomen
985 4526 1179 4581 subscribitur:
1201 4546 1215 4576 ι(
1230 4524 1356 4580 Madame
1370 4521 1408 4549 *k*
1423 4543 1437 4572 »

268 4607 341 4676 (Mme
356 4596 509 4678 d'Epinay).

305 4713 331 4754 2.
353 4697 471 4763 Grimm,
493 4696 538 4753 loc.
555 4697 597 4752 cit.
614 4692 811 4759 Bachaumom,
835 4693 970 4749 Mimoircs
991 4694 1147 4765 saretsmie
1172 4710 1183 4762 5
1207 4711 1292 4750 mens.
1310 4687 1437 4750 novemb.

270 4777 361 4849 1771)¹
