3588 5680
397 655 458 702 110
565 653 609 699 DE
633 650 814 699 GOLDONIO
839 650 980 698 ITALICAE
1005 651 1125 698 SCAENAE
1150 649 1387 698 CORRECTORE.

392 791 529 860 fateatur
541 808 573 858 et
587 789 738 858 Gerontii
753 788 892 855 amicum
908 814 924 852 c<
936 787 1085 855 Dorval»
1099 787 1262 870 hortatur,
1272 803 1307 854 ut
1319 808 1379 876 pro
1388 808 1422 854 se
1431 787 1556 854 veniam

393 936 412 980 a
431 929 547 1002 patruo
567 929 666 1000 petat.
690 910 767 998 Ejus
788 931 882 978 soror
897 909 1050 997 Angelica
1071 910 1104 977 in
1126 909 1262 978 miseriis
1283 910 1380 976 etiam
1400 928 1556 992 versatur,

394 1035 482 1126 quod
498 1033 663 1103 Valerium
677 1051 777 1117 amat,
794 1054 852 1101 nec
869 1054 1014 1101 amorem
1033 1032 1192 1120 confiteri,
1209 1033 1290 1100 iram
1310 1032 1413 1121 patrui
1427 1032 1555 1114 timens,

395 1157 514 1244 audet3
541 1159 646 1226 immo
674 1153 779 1225 fratris
806 1178 942 1224 uxorem
970 1154 1166 1246 fratremque
1193 1157 1299 1244 ipsum
1327 1154 1386 1222 sibi
1412 1154 1559 1223 adversos

394 1299 499 1372 putat,
523 1304 599 1349 cum
624 1303 658 1348 se
679 1279 823 1348 illumin
844 1280 1078 1349 monasterium
1097 1277 1268 1348 arbitretur
1286 1279 1500 1362 inclusorum,
1525 1297 1559 1346 ut

396 1406 508 1475 dotem
520 1421 663 1494 usurpet.

440 1527 491 1598 Ab
505 1530 598 1596 initio
612 1530 676 1616 jam
697 1527 873 1617 explicatur
892 1528 1042 1595 Gerontii
1062 1526 1201 1610 indoles,
1217 1526 1296 1594 dum
1315 1549 1389 1595 cum
1410 1526 1560 1613 Angelica

395 1653 552 1741 loquitur,
571 1672 683 1741 quam,
702 1652 799 1740 patris
816 1651 928 1734 instar,
948 1669 1033 1718 amat
1047 1652 1239 1740 anxiamque
1263 1650 1389 1732 videns,
1413 1649 1489 1741 quid
1504 1649 1560 1717 sibi

397 1775 550 1856 occultet,
566 1775 745 1863 comperire
758 1774 883 1864 quaerit.
902 1776 984 1844 Rem
997 1793 1105 1843 autem
1115 1797 1229 1863 parum
1244 1773 1354 1843 dextre
1365 1773 1558 1861 aggreditur,

398 1917 435 1966 ut
456 1899 505 1965 vir
524 1897 563 1965 ad
584 1897 786 1966 irascendum
809 1920 930 1987 pronus
951 1898 1057 1988 etqui
1078 1897 1177 1986 longa
1199 1897 1306 1967 caelibe
1326 1899 1391 1966 vita
1413 1896 1560 1965 mulieres

398 2040 531 2091 tractare
546 2045 714 2112 nunquam
728 2019 885 2090 didicerit.
902 2023 1015 2112 ltaque
1034 2022 1185 2090 miseram
1204 2040 1342 2091 exterret
1360 2022 1558 2109 Angelicam,

398 2169 470 2237 quae
488 2147 686 2233 interrogata
706 2168 786 2214 num
805 2145 978 2237 quemdam
1001 2164 1124 2237 secreto
1144 2147 1250 2214 virum
1269 2165 1368 2227 amet,
1393 2165 1479 2214 tacet
1496 2146 1561 2234 pri-

399 2292 491 2337 mum
512 2292 548 2337 ac
572 2267 782 2338 tremebunda
804 2286 914 2358 negat,
944 2267 1065 2338 nedum
1095 2269 1289 2360 respondere
1317 2268 1444 2338 audeat.
1472 2271 1561 2336 Hanc

399 2415 476 2480 ergo
493 2415 603 2460 amore
618 2414 752 2460 vacuam
766 2393 951 2461 existimans
964 2410 1110 2483 patruus,
1126 2416 1261 2463 uxorem
1276 2393 1350 2462 dare
1364 2395 1469 2462 amico
1480 2394 1561 2460 Dor-

399 2516 450 2585 val
461 2515 613 2599 intendit,
629 2516 736 2587 sedata
757 2535 866 2585 mente
884 2518 955 2586 viro
972 2518 1130 2609 annisque
1148 2535 1291 2603 matum,
1311 2517 1384 2586 licet
1404 2517 1562 2585 Gerontio

399 2642 507 2732 junior
518 2642 676 2733 sit,·cujus
691 2665 784 2734 aequo
800 2643 910 2711 animo
925 2660 1096 2733 promptos
1108 2641 1170 2710 fert
1185 2644 1336 2741 impetus.

445 2766 536 2833 Dum
549 2763 647 2833 ambo
660 2767 754 2833 amici
766 2765 951 2834 latrunculis
966 2765 1097 2848 ludunt,
1119 2765 1241 2834 Dorval
1260 2766 1441 2834 Gerontius
1459 2764 1563 2834 subito

399 2892 577 2978 interrogat
587 2911 667 2956 num
677 2889 737 2957 sibi
751 2890 910 2978 virginem
924 2889 1041 2958 ducere
1054 2889 1186 2980 placeat,
1201 2891 1253 2957 cui
1267 2912 1385 2978 magna
1399 2890 1458 2958 dos
1472 2905 1564 2957 estet

401 3037 498 3105 quam
512 3013 662 3080 ditiorem
673 3013 770 3081 etiam
782 3010 961 3081 faciendam
975 3014 1159 3085 decreverit.
1173 3014 1255 3084 Rem
1266 3014 1409 3104 primum
1418 3014 1564 3098 miratus,

401 3137 524 3205 Dorval
537 3134 688 3221 dubitat;
705 3135 792 3219 inde,
807 3135 1017 3206 vehementer
1031 3139 1171 3207 instante
1187 3139 1305 3220 amico,
1321 3160 1358 3206 ea
1379 3136 1566 3206 conditione

401 3261 515 3329 annuit
530 3278 567 3330 ut
582 3261 762 3329 consentiat
777 3260 944 3349 Angelica,
959 3261 998 3332 ad
1014 3286 1110 3353 quam
1125 3262 1313 3331 tentandam
1327 3279 1488 3356 properat.
1510 3260 1566 3328 Illa

400 3403 509 3455 autem
533 3384 652 3468 audita,
674 3387 822 3476 quamvis
840 3385 899 3455 sibi
919 3387 1012 3475 virgo
1035 3385 1126 3456 valde
1148 3386 1280 3477 placeat,
1305 3385 1476 3478 inaequales
1498 3385 1567 3453 fore

402 3508 479 3577 tales
502 3509 630 3596 nuptias
652 3530 748 3598 seque
769 3507 1015 3578 adolescentulae
1035 3510 1247 3579 maturiorem
1269 3509 1465 3597 intelligens,
1487 3509 1566 3577 invi·

401 3651 467 3716 tus,
483 3630 538 3701 sed
559 3650 596 3700 ut
616 3633 721 3700 virum
743 3630 902 3701 urbanum
924 3631 1028 3719 decet,
1044 3635 1212 3723 proposito
1234 3657 1267 3702 se
1291 3632 1415 3703 abdicat
1437 3633 1568 3723 pollice-

401 3773 518 3847 turque
538 3756 643 3825 immo
664 3757 810 3846 virginis,
835 3775 995 3826 secretum
1018 3780 1164 3827 amorem
1190 3758 1355 3842 confessae,
1381 3779 1509 3827 causam
1534 3780 1567 3824 se

401 3879 485 3970 apud
499 3899 651 3968 patruum
666 3879 886 3950 defensurum.

446 4004 571 4072 Interea
595 4002 712 4074 diutius
735 4005 854 4073 morari
874 4007 985 4096 nequit
1004 4005 1201 4090 Dalancour‚
1226 4007 1281 4096 qui
1306 4027 1445 4074 uxorem
1467 4006 1568 4095 ipsam

402 4145 562 4217 quantum
585 4127 780 4216 impediatur
804 4127 905 4197 celare
928 4124 997 4197 non
1015 4126 1112 4216 valet,
1133 4129 1411 4220 interrogantique
1429 4148 1567 4197 curtam

401 4250 510 4320 subito
524 4268 649 4319 mutata
663 4251 703 4319 sit
717 4250 854 4336 indoles,
868 4275 924 4319 cur
939 4270 1006 4320 tam
1017 4254 1127 4322 anxius
1138 4253 1405 4323 sollicitudinibus
1416 4254 1567 4343 agitetur,

402 4375 595 4464 respondet:
616 4399 632 4438 c<
646 4374 726 4442 Non
741 4376 806 4463 jam
820 4374 986 4444 toleranda
1003 4377 1056 4444 es!
1074 4403 1091 4440 »

445 4539 489 4549 —
507 4525 522 4564 α
540 4498 591 4566 Te
607 4497 714 4589 potius
725 4496 995 4569 infelicissimum!
1010 4501 1055 4569 ait
1065 4499 1191 4584 mulier,
1211 4501 1265 4590 qui
1281 4503 1421 4590 primum
1440 4523 1568 4569 mecum

402 4624 446 4688 sic
460 4624 536 4708 agis.
557 4648 572 4686 n

448 4745 524 4828 Sed,
541 4745 733 4835 quibusdam
747 4747 850 4814 verbis
869 4747 1075 4836 inopinanter
1093 4748 1131 4815 ab
1150 4747 1302 4837 Angelica
1318 4749 1445 4830 auditis,
1464 4749 1569 4816 mariti
