3588 5680
526 669 570 715 DE
595 667 779 717 Gocuonro
804 671 995 720 GALLORUM
1021 671 1222 720 IMITATORE.
1401 673 1459 742 123

337 804 572 876 Celeberrimus
586 809 719 899 quidem
733 811 939 898 germanicus
954 812 1100 880 criticus¹
1115 810 1254 880 Moliero
1269 811 1349 879 vitio
1367 813 1462 882 vertit

291 931 379 1020 quod
402 932 484 1000 duos
512 932 608 1001 simul
637 934 847 1023 praevalentes
874 935 1006 1005 affectus
1035 937 1224 1028 Harpagoni
1253 937 1297 1004 ita
1324 936 1460 1020 dederit,

291 1073 341 1140 ut,
356 1057 422 1125 visa
439 1056 497 1124 hac
519 1056 694 1142 comoedia,
718 1061 866 1129 contenti
886 1059 1025 1130 domum
1044 1060 1146 1129 redire
1166 1061 1292 1152 possint
1312 1079 1344 1130 et
1366 1084 1463 1130 senex

291 1181 347 1269 qui
362 1182 476 1262 amori,
493 1199 524 1250 et
539 1181 596 1272 qui
609 1183 748 1250 avaritiae
767 1185 929 1252 inserviat.
947 1183 1038 1254 Alter
1057 1185 1145 1252 enim
1164 1185 1248 1253 dicet
1266 1210 1273 1252 :
1297 1185 1462 1252 «Amoris

292 1304 383 1395 culpa
402 1305 515 1374 saltem
534 1329 652 1376 vacuus
671 1330 744 1376 sum
764 1335 794 1391 u,
817 1327 848 1378 et
869 1309 972 1378 alter:
996 1338 1012 1373 u
1030 1310 1170 1378 Avaritia
1186 1310 1300 1378 saltem
1317 1331 1422 1378 careo.
1444 1336 1459 1373 u

292 1431 403 1515 Recte,
421 1453 492 1498 mea
513 1433 685 1515 sententia,
700 1421 935 1521 ¹grammaticus
956 1433 1009 1503 ille
1030 1434 1172 1519 vidisset,
1189 1436 1215 1502 si
1237 1433 1367 1524 paribus
1388 1456 1462 1502 exa-

293 1555 493 1624 minarentur
514 1555 711 1644 ponderibus
734 1556 837 1626 ambae
858 1558 1034 1648 cupidines.
1060 1559 1189 1648 Cuique
1211 1578 1321 1627 autem
1343 1576 1462 1626 notum

293 1698 340 1749 est
361 1703 410 1748 res
430 1702 498 1748 non
518 1681 563 1750 ita
580 1664 614 1749 se
636 1681 777 1752 habere:
799 1684 939 1752 avaritiae
960 1684 1048 1751 enim
1072 1685 1224 1753 citissime
1248 1706 1342 1752 amor
1364 1684 1460 1766 cedit,

294 1829 386 1890 nam,
410 1809 557 1897 quamvis
580 1807 699 1877 blando
723 1831 874 1877 sermone
898 1811 1129 1900 Harpagonem
1149 1810 1311 1879 Phrosina
1329 1808 1463 1877 delinire

294 1950 410 2018 tentet,
425 1933 551 2002 facilem
572 1934 713 2024 praebere
729 1957 841 2003 aurern
861 1934 964 2004 homo
983 1936 1091 2004 statim
1113 1934 1242 2020 desinit,
1265 1953 1300 2003 ut
1320 1935 1464 2023 primum

295 2058 410 2149 aliquid
429 2059 573 2150 pecuniae
592 2059 631 2128 de
652 2059 778 2149 capsula
799 2058 1012 2128 hauriendum
1032 2061 1100 2127 es'se
1120 2059 1257 2128 videtur.
1276 2060 1350 2128 Hoc
1375 2060 1463 2126 enim

295 2186 452 2274 praecipue
472 2183 627 2256 Mulierus
645 2183 742 2267 valet,
759 2183 847 2277 quod
871 2184 1024 2274 Harpago
1045 2206 1126 2272 non,
1143 2201 1180 2252 ut
1202 2182 1374 2266 Octavius,
1393 2184 1484 2272 qui-.

293 2309 341 2376 vis
355 2332 438 2382 unus
456 2331 495 2378 ex
514 2310 614 2377 avaris
634 2327 694 2376 est.
715 2310 794 2378 Non
813 2327 943 2378 tantum
964 2311 1122 2398 virginem
1142 2327 1241 2392 amat,
1261 2308 1367 2377 cultus
1384 2330 1463 2376 vero

294 2432 426 2524 quidam
442 2457 479 2502 ac
491 2433 656 2520 dignitatis
672 2434 791 2524 species
806 2433 850 2502 illi
869 2435 1023 2503 servanda
1041 2453 1129 2503 sunt.
1150 2434 1269 2502 Servos
1284 2432 1392 2516 habet,
1408 2431 1464 2500 sed

294 2581 435 2648 quorum
450 2578 553 2627 vestes
567 2576 704 2649 pertusae
719 2579 773 2627 aut
788 2559 971 2643 maculatae3
990 2581 1091 2649 equos
1106 2560 1138 2626 in
1154 2557 1293 2642 stabulo,
1310 2557 1364 2626 sed
1379 2557 1464 2625 farne

294 2683 493 2769 laborantes;
518 2706 661 2765 currum,
680 2684 735 2753 sed
754 2706 821 2774 quo
840 2682 927 2752 festis
948 2701 1077 2752 tantum
1096 2680 1206 2750 diebus
1223 2683 1333 2751 utitur.
1356 2681 1463 2748 Multo

295 2809 526 2896 congruentius
547 2807 660 2876 studiis
681 2809 746 2876 suis
766 2808 905 2889 viveret,
926 2808 970 2889 si,
991 2805 1137 2876 abdicato
1158 2807 1213 2876 tali
1236 2825 1405 2896 apparatu,
1429 2806 1463 2872 in

296 2931 447 3001 cenaculo
471 2932 588 3001 eodem
610 2931 711 3000 modo
733 2922 860 3000 aetat'em
883 2951 1007 3018 ageret,
1034 2954 1100 3022 quo
1126 2933 1233 2998 miseri
1256 2930 1300 2998 illi
1322 2952 1464 3020 quorum

297 3079 384 3125 mors
400 3057 565 3127 interdum
583 3057 746 3144 vulgatur,
763 3077 794 3127 et
812 3059 880 3150 qni,
897 3081 1014 3146 magna
1033 3059 1175 3148 pecuniae
1190 3080 1318 3126 summa
1337 3078 1463 3124 coacer-

296 3201 384 3267 vata,
410 3180 494 3272 apud
517 3183 677 3251 intactum
699 3205 795 3250 suurn
823 3181 1011 3251 thesaurum
1034 3183 1139 3251 inedia
1164 3183 1350 3271 consumpti
1372 3199 1460 3249 sunt.

297 3306 353 3374 Isti
368 3307 499 3397 quidem
523 3309 653 3375 avaritia
674 3309 904 3397 Harpngonem
924 3307 1052 3397 longius
1068 3306 1260 3397 procedunt,
1277 3329 1336 3374 nec
1354 3324 1463 3372 tamen
1514 3305 1524 3327 ‘

297 3431 396 3500 risum
425 3450 613 3514 moventes,
638 3427 726 3522 q'ubd
756 3429 879 3500 di'versa
908 3454 943 3499 ac
969 3433 1127 3502 contraria
1155 3431 1259 3499 studia
1286 3432 1320 3498 in
1349 3451 1465 3497 eorum

297 3555 406 3624 animo
431 3579 499 3625 non
522 3556 696 3640 luctantur,
719 3580 790 3642 nec,
811 3557 958 3647 quamvis
980 3557 1110 3640 frustra,
1132 3554 1335 3624 contendunt
1356 3571 1391 3621 ut
1410 3552 1466 3621 de·

298 3681 379 3748 coris
400 3683 519 3771 species
539 3705 614 3750 cum
633 3681 828 3750 discordanti
849 3706 885 3750 ac
903 3681 1087 3772 praevalenti
1106 3679 1255 3769 cupidine
1274 3700 1464 3746 accommo-

298 3806 401 3876 detur.

338 3932 428 4014 Quae
443 3955 518 4000 cum
533 3933 664 4000 sentiret
677 3932 874 4014 Goldonius‚
883 3930 1031 3999 eamdem
1041 3951 1225 4021 personam,
1238 3928 1331 3995 novis
1341 3949 1482 4017 semper.

299 4056 446 4124 colorum
462 4057 668 4126 varietatibus
683 4057 757 4125 huic
774 4056 875 4124 indoli
890 4055 1017 4139 additis,
1034 4073 1203 4124 retractare
1218 4054 1364 4122 tentavit.
1378 4055 1467 4121 Ava-

298 4204 368 4250 rum
388 4181 476 4248 enim
496 4180 633 4249 alterum
655 4183 688 4249 in
713 4181 859 4251 theatro²
876 4181 1073 4270 paucissimis
1090 4177 1325 4268 spectatoribus
1346 4176 1466 4264 scripto

274 4306 458 4388 ¹invenias,
484 4307 602 4395 quain
628 4303 733 4373 fabula
757 4304 909 4394 plurimas
937 4303 1035 4372 lineas
1061 4302 1190 4371 Octavii
1216 4301 1356 4388 effigiem
1380 4299 1468 4388 prius

299 4431 501 4518 designantes
523 4448 619 4519 poeta
637 4430 756 4515 iterum
776 4426 887 4513 duxit3
910 4447 1061 4518 praeterea
1076 4426 1223 4495 eamdem
1245 4424 1412 4491 materiam
1435 4423 1468 4489 in

298 4615 509 4624 -----—

339 4743 360 4782 1.
383 4724 517 4794 Schlegel.
538 4723 707 4794 Vorlesungeu
723 4723 783 4776 iiber
794 4722 959 4776 dramatr'sche
972 4723 1060 4776 Kunst
1073 4722 1126 4776 und
1142 4722 1285 4784 litaretur,
1300 4721 1359 4788 XII.
1420 4768 1423 4774 .

340 4840 365 4881 2.
389 4844 402 4872 n
417 4821 534 4876 Thdltre
549 4823 582 4875 de
598 4822 705 4898 sociere.
723 4843 736 4872 u
754 4821 873 4886 i'aa’aro,
889 4820 1024 4873 comoedia
1040 4820 1067 4872 in
1083 4836 1137 4872 uno
1154 4831 1223 4874 actu.
1282 4847 1288 4874 ·.
1308 4861 1319 4872 ..
1341 4838 1345 4843 ’
