3588 5680
338 650 398 716 114
507 650 551 695 DE
576 648 759 696 GOLDONIO
784 647 926 696 ITALICAE
952 646 1332 696 SCAENAECORRECTORE.

335 811 403 858 non
418 811 545 878 semper
557 806 665 857 exacte
680 787 838 875 designat,
854 787 992 875 scripsit,
1004 784 1173 877 tranquille
1187 803 1332 853 ceterum
1347 784 1501 875 reliquam

334 914 435 982 vitam
455 935 564 1001 agens,
581 909 744 980 interdum
763 928 795 980 et
812 911 934 980 amicos
950 912 1056 980 visens
1072 909 1266 1001 modiceque
1282 907 1442 992 laborans,
1465 928 1501 976 ut

336 1037 454 1105 mentis
467 1037 562 1124 vigor
575 1060 644 1105 non
660 1036 797 1105 omnino
814 1033 1006 1105 aboleretur.
1024 1035 1113 1104 Cum
1132 1034 1256 1128 tardior
1274 1052 1356 1102 esset
1371 1035 1400 1102 'ei
1415 1039 1502 1102 soni·

334 1185 409 1245 nus,
424 1171 682 1252 nonnunquam,
704 1180 740 1230 ut
760 1158 1026 1243 obdormisceret,
1047 1159 1194 1228 animum
1213 1159 1252 1227 ad
1271 1159 1360 1228 hunc
1378 1177 1502 1227 venetae

334 1285 459 1356 dialecti
477 1284 711 1355 vocabulorum
730 1283 871 1380 indicem
889 1284 1072 1367 revocabat,
1094 1307 1192 1376 quem
1214 1285 1301 1376 prius
1320 1285 1500 1374 inceptum,

333 1430 503 1480 nocturnae
518 1410 633 1499 vigiliae
647 1427 775 1478 tantum
790 1407 986 1499 depellendae
993 1409 1108 1498 gratia,
1124 1431 1231 1478 rursus
1247 1408 1501 1498 aggrediebatur,

333 1560 424 1628 spem
439 1559 607 1626 uunquam
624 1535 803 1604 remedium
817 1532 963 1602 fefellisse
977 1533 1153 1603 confessus.
1176 1561 1181 1572 ·
1208 1543 1211 1552 '
1271 1585 1274 1592 Δ

378 1661 504 1728 Interea
518 1661 619 1728 etiam·
633 1645 880 1728 Commentarios
898 1659 1036 1749 scripsit,
1053 1660 1109 1749 qui
1127 1658 1207 1726 nihil
1228 1657 1293 1727 fere
1317 1657 1402 1728 aliud
1427 1677 1501 1727 sunt

333 1807 369 1852 ac
384 1784 501 1872 longus
515 1782 695 1853 fabularum
710 1806 842 1851 suarum
856 1781 965 1868 index,
981 1783 1013 1850 in
1029 1794 1094 1873 quo'
1109 1786 1355 1873 cujuscumque,
1371 1781 1423 1849 vel
1442 1783 1501 1850 mi·

334 1910 444 1994 nimae,
460 1927 690 1999 argumentum
705 1908 888 1998 exponitur,
905 1908 1089 1997 librumque
1102 1907 1282 1975 amicorum
1297 1926 1328 1974 et
1349 1926 1502 2001 patrono-

333 2057 406 2102 rum
422 2034 603 2123 sumptibus
619 2033 728 2103 edidit.
748 2034 919 2123 Scriptoris
934 2032 1054 2122 effigies
1069 2034 1101 2099 in
1116 2033 1223 2122 primo
1237 2031 1349 2101 limine
1361 2030 1499 2121 sculpta¹

334 2159 524 2249 exponitur,
548 2182 606 2226 nec
631 2159 819 2248 opinionem
841 2156 937 2238 fallit,
957 2180 1054 2246 quam
1074 2156 1114 2224 de
1132 2157 1192 2224 viri
1211 2155 1321 2226 indole
1339 2180 1356 2225 e
1377 2157 1502 2247 scriptis

334 2284 502 2374 concipere
521 2300 679 2371 possunt;
696 2281 775 2350 facie
795 2282 882 2349 enim
907 2280 1076 2371 tranquilla
1096 2300 1126 2349 et
1147 2299 1268 2370 aperta,
1285 2305 1341 2350 ore
1361 2281 1503 2351 molliter

333 2405 510 2476 subridenti
526 2424 648 2474 naturae
665 2405 792 2475 bonitas
805 2430 841 2474 ac
858 2429 991 2475 morum
1005 2405 1137 2474 facilitas
1149 2404 1380 2501 ostenduntur.
1414 2425 1436 2478 ,ἐ
1457 2440 1459 2444 ·

376 2532 481 2602 Novis
495 2531 604 2616 rebus,
621 2531 736 2623 quibus
760 2531 856 2622 paulo
875 2550 949 2622 post
967 2532 1084 2621 agitata
1101 2529 1163 2599 fuit
1181 2530 1293 2619 gallica
1311 2531 1500 2625 respublica,

332 2655 451 2747 reliqua
466 2659 550 2728 senis
565 2659 630 2726 vita
642 2658 782 2747 graviter
800 2656 992 2725 conturbata
1013 2673 1082 2743 est;
1106 2680 1213 2725 annua
1228 2676 1337 2726 tamen
1352 2660 1499 2749 pecunia,

332 2807 403 2874 quae
416 2782 462 2850 illi
476 2807 493 2851 a
508 2805 582 2872 rege
597 2784 755 2870 assignata
767 2780 882 2866 fuerat,
900 2782 1086 2865 destitutus,
1096 2804 1205 2873 parem
1217 2807 1234 2851 a
1248 2806 1378 2851 summo
1389 2783 1499 2875 populi

332 2907 530 2976 Conventu²
546 2906 698 2975 obtinuit.
716 2907 821 2973 Pridie
835 2925 944 2975 autem
960 2909 1027 2997 ejus
1041 2905 1115 2990 diei,
1127 2931 1189 2998 qua
1205 2908 1273 2975 haec
1286 2909 1401 2997 injuria
1410 2933 1498 3000 repa·

331 3051 398 3099 rata
423 3050 485 3114 est,
508 3031 548 3098 de
571 3032 636 3098 vita
660 3029 835 3098 decesserat
859 3030 1044 3100 Goldonius
1068 3031 1324 3123 beneficiumque
1348 3034 1387 3103 ad
1415 3036 1499 3102 senis

330 3159 502 3246 conjugem
521 3153 711 3223 translatum
726 3153 797 3221 luit.

375 3282 459 3369 Erga
480 3279 631 3364 Galliam,
657 3303 728 3370 quae
752 3278 889 3366 longum
908 3278 1086 3371 hospitium
1105 3281 1295 3372 praebuerat,
1316 3301 1444 3371 gratum
1465 3289 1499 3352 se

329 3407 427 3494 gessit
442 3425 537 3505 poeta
552 3428 688 3496 eamque
708 3405 840 3473 alteram
855 3404 915 3474 sibi
936 3407 1071 3495 patriam
1094 3406 1412 3490 esse'arbitrabatur.'
1429 3410 1499 3501 Nec

329 3532 381 3600 illa
395 3533 493 3600 etiam
511 3528 668 3600 Goldonii
681 3527 742 3597 fuit
757 3531 934 3599 immemor
942 3549 1039 3622 atque
1052 3532 1086 3598 in
1101 3533 1165 3616 via,
1182 3556 1244 3622 qua
1258 3534 1318 3600 sita
1331 3531 1425 3623 hujus
1440 3534 1498 3602 do·

330 3681 402 3726 anus
418 3669 497 3742 erat,
512 3655 590 3745 lapis
607 3676 750 3724 recenter
764 3656 889 3744 positus
902 3675 962 3737 est,
978 3656 1011 3724 iu
1028 3679 1093 3746 quo
1110 3657 1246 3743 legitur:
1327 3726 1329 3730 f

830 3847 832 3851 ’
883 3873 941 3920 nic

754 3980 884 4027 paupert
909 3979 1069 4027 uncesstr

593 4089 649 4135 ma
675 4063 782 4134 saxio
808 4087 930 4134 mansas
954 4087 1132 4134 sauxuxxn
1160 4089 1239 4156 1793

726 4192 880 4239 cxxoaus
906 4193 1102 4240 Gotnourus
1183 4189 1185 4192 ·

545 4301 604 4347 cur
631 4305 646 4342 c<
664 4299 820 4348 lTALICUS
844 4299 1019 4349 Montanus
1035 4305 1052 4342 »
1078 4299 1286 4365 contionari,
1365 4337 1380 4348 ..

671 4411 786 4455 Moron
809 4411 958 4475 usnsrrcr
982 4407 1145 4472 scalpros
1206 4437 1208 4440 -
1242 4445 1243 4450 ,

641 4515 800 4562 veressus
824 4514 936 4564 uatus
959 4515 1055 4562 auxo
1085 4515 1178 4580 1707.
1246 4560 1248 4564 ,

325 4628 533 4640 ——nu

314 4740 316 4744 ·
364 4729 394 4778 1.v
410 4711 432 4765 C
459 4711 494 4765 N.
512 4708 616 4764 Cochin
631 4707 712 4762 delin.
734 4708 809 4777 1787.
828 4709 866 4764 Le
881 4709 953 4764 Beau
969 4707 1053 4779 sculp.

362 4816 385 4856 2.
409 4799 470 4855 Vid,
484 4797 593 4866 Journal
605 4797 635 4850 da
649 4796 730 4850 Perlat
743 4797 772 4866 (8
788 4807 813 4850 et
832 4813 863 4852 ιο
877 4796 974 4851 levrier
992 4800 1079 4869 1793)‚
