3600 5682
332 651 375 720 44
513 651 557 697 DE
582 647 768 698 GOLDONIO
795 647 938 697 lTllLlCAE
963 646 1082 694 scAENAE
1107 643 1332 693 CORRECTORE

330 808 436 880 gatur.
446 788 616 858 Interdum
630 790 728 858 etiam
738 787 884 858 versibus
897 785 1064 856 nonnullis
1079 785 1206 874 egregie
1221 781 1419 867 declamatis,
1431 805 1503 850 sen-

331 917 431 984 tentia
453 913 592 1005 quadam
606 933 662 984 aut
681 913 833 982 dramatis
853 910 1021 980 eventibus
1038 910 1072 977 in
1095 909 1213 978 intimo
1237 927 1368 998 pectore
1390 906 1504 976 lasciva

330 1041 423 1130 virgo
436 1059 588 1109 movetur
602 1040 739 1130 vitaeque
753 1061 903 1106 normam
919 1060 937 1104 e
951 1036 1077 1106 theatro
1094 1056 1333 1124 nonnunquam
1350 1033 1497 1123 percipit,

331 1188 429 1255 quam
446 1164 484 1232 ab
500 1147 641 1233 avidiore
662 1182 717 1233 aut
737 1165 876 1232 nimium
897 1163 1057 1251 morigera
1077 1178 1180 1228 matre
1199 1181 1267 1226 non
1283 1157 1465 1227 audivisset.
1484 1185 1499 1221 n

374 1291 515 1360 Narrant
532 1293 620 1359 enim
636 1288 813 1363 nonnullos
828 1287 1004 1372 auditores,
1027 1285 1185 1355 Goldonii
1204 1283 1320 1353 fabulis
1340 1277 1501 1374 spectatis,

330 1416 431 1484 vitam
447 1417 585 1484 omnino
606 1417 792 1500 mutavisse,
808 1433 841 1483 er
854 1413 914 1482 sibi
932 1415 1000 1503 ipse
1020 1428 1115 1502 poeta
1133 1409 1331 1500 gratulatur¹
1349 1410 1502 1478 maritum

331 1539 518 1630 quemdam,
534 1541 622 1608 Bona
643 1563 736 1610 uxore
754 1540 833 1625 visa,
850 1538 890 1607 ad
911 1536 1044 1606 meliora
1063 1554 1251 1605 revocatum
1267 1534 1377 1617 luisse,
1394 1557 1498 1625 quan·

334 1688 430 1756 quam
447 1665 594 1734 modeste
604 1665 707 1750 addit,
725 1688 775 1734 res
790 1666 816 1733 si
831 1685 905 1732 vera
919 1665 973 1748 sit,
995 1661 1083 1753 quod
1103 1663 1212 1730 testari
1231 1659 1289 1729 sibi
1311 1681 1380 1730 non
1398 1659 1501 1744 liceat,

332 1789 419 1858 hunc
442 1808 659 1880 spectatorem
681 1793 747 1880 jam
769 1789 867 1872 bene,
888 1808 1064 1878 antequam
1091 1787 1253 1856 theatrum
1278 1786 1444 1870 introiret,
1464 1785 1503 1852 ad

334 1914 599 1984 emendationem
613 1915 713 1983 fuisse
730 1907 889 2006 paratum.

380 2156 480 2240 Quod
495 2156 693 2246 corrigendae
712 2178 824 2224 scaenae
842 2157 1046 2246 propositum
1066 2155 1209 2245 primum
1224 2155 1430 2222 materiarum
1445 2152 1503 2221 de-

333 2282 416 2350 lectu
438 2280 590 2372 perficere
612 2301 749 2351 conatus
770 2300 817 2349 est
837 2279 1033 2350 Goldonius.
1054 2279 1143 2349 Bona
1165 2303 1253 2362 uxor,
1277 2280 1366 2347 Bono
1390 2293 1498 2360 mater,

334 2406 421 2473 Bona
446 2405 596 2495 familia,
623 2408 761 2474 Honesta
785 2407 891 2494 virgo,
917 2405 1074 2474 Honestus
1095 2407 1233 2496 sortunae
1255 2415 1405 2472 sectator²
1427 2403 1501 2493 ipsis

288 2589 290 2594 .
334 2528 435 2598 titulis
459 2529 545 2599 bona
566 2529 629 2598 fide
650 2549 863 2620 spectatorem
887 2548 1025 2599 monent
1049 2531 1236 2619 optimaque
1261 2526 1406 2617 exempla
1425 2550 1500 2617 pro-

335 2656 470 2724 mittunt
483 2681 492 2739 ;
514 2654 621 2724 videat
644 2656 713 2745 ipse
735 2680 815 2724 num
839 2655 1051 2746 philosophiae
1075 2672 1243 2745 praecepta,
1265 2650 1500 2721 comoediarum

334 2781 488 2864 nomine,
515 2779 624 2849 audire
646 2781 704 2848 sibi
729 2781 860 2870 placeat.
888 2782 933 2847 Ea
960 2800 1068 2849 autem
1098 2777 1237 2847 morales
1264 2778 1440 2846 sententias
1469 2795 1500 2844 et

334 2905 367 2971 in
389 2903 560 2972 comoediis
578 2905 746 2972 eventibus
767 2905 958 2994 implicatis³
981 2901 1175 2993 ogganiendi
1194 2900 1401 2984 consuetudo.
1418 2899 1501 2968 illius

334 3030 434 3098 aetatis
451 3028 614 3097 theatrum
629 3027 790 3097 indelebili
806 3049 884 3096 nota
898 3031 1016 3116 signat,
1033 3028 1106 3096 licet
1120 3026 1217 3095 simul
1232 3045 1263 3094 et
1276 3028 1418 3115 antiquae
1432 3047 1501 3114 per·

334 3174 423 3222 sonae
442 3172 621 3224 serventur.
639 3154 783 3235 Etenim,
804 3151 965 3242 Brighella
987 3153 1121 3240 integrae
1143 3151 1179 3218 fir
1200 3149 1274 3218 fidei
1297 3169 1500 3241 procurator,

334 3279 439 3347 bonos
460 3301 567 3346 mores
589 3278 724 3346 Pantalo
747 3277 856 3360 docet,
876 3298 1000 3366 patrem
1020 3295 1148 3344 veretur
1169 3274 1326 3360 leander,
1344 3274 1500 3342 Balanzo-

335 3405 408 3472 nius
430 3403 545 3472 doctor
569 3405 618 3492 jus
642 3402 812 3471 clientibus
840 3404 1026 3492 incorrupte
1055 3402 1195 3491 promit,
1222 3402 1366 3470 Rosaura
1390 3399 1501 3468 timide

335 3548 420 3597 amat
443 3553 491 3612 ac,
513 3528 593 3596 dum
617 3530 780 3597 amatoriis
800 3530 897 3618 'nugis
918 3529 1045 3597 Beatrix
1068 3525 1227 3615 indulget,
1251 3527 1351 3613 justas
1368 3548 1501 3615 semper

334 3654 461 3742 nuptias
474 3654 508 3720 in
521 3654 632 3721 animo
648 3652 754 3722 habet.
773 3652 862 3721 Cum
877 3653 1169 3743 praeciperepotius
1184 3673 1281 3742 quam
1298 3674 1372 3718 vera
1388 3648 1499 3740 depin-

333 3799 408 3865 gere
423 3777 568 3846 intendat
583 3770 692 3867 poeta,
708 3801 850 3868 quorum
867 3779 1007 3866 corrupti
1023 3796 1100 3845 sunt
1115 3800 1235 3859 mores,
1251 3776 1273 3843 ii
1293 3774 1428 3844 consilio
1449 3798 1501 3844 re-

334 3902 509 3993 pelluntur,
532 3921 563 3970 et
585 3903 714 3992 quando
736 3905 769 3970 in
792 3902 895 3970 Gallia
917 3901 1073 3992 Beneficus
1093 3925 1229 3973 morosus
1245 3921 1333 3971 actus
1353 3920 1414 3986 est,
1430 3902 1501 3982 ani-

335 4025 575 4096 madverterunt
586 4028 704 4095 critici⁴
716 4025 917 4095 Goldonium
933 4053 948 4091 a
961 4025 1127 4109 omnibuS,
1139 4027 1207 4095 sine
1218 4025 1280 4095 ulla
1295 4027 1500 4117 exceptione,

374 4323 397 4361 1.
418 4304 560 4368 Me'moires,
577 4314 597 4359 t.
614 4302 649 4367 ll,
665 4319 692 4372 p.
709 4317 751 4373 29.

372 4429 396 4466 2.
418 4412 456 4465 La
470 4411 551 4465 buono
565 4408 666 4480 moglic,
683 4408 720 4461 Lo
735 4408 818 4462 buono
832 4409 927 4475 madre,
943 4410 980 4464 La
994 4411 1076 4464 briona
1085 4409 1222 4480 somiglt‘a,
1238 4411 1277 4464 La
1291 4418 1366 4482 putta
1385 4417 1500 4477 onorata,

337 4501 544 4554 L'avventurierc
555 4505 669 4554 onoralo.

374 4626 394 4678 3.
416 4608 486 4661 Vide
500 4605 615 4677 exempli
630 4607 734 4676 gratia:
752 4604 827 4658 idue
840 4604 943 4675 gemelli
956 4607 1098 4677 uenaqiom'.

370 4729 396 4779 4.
418 4713 552 4767 Me'moircs
563 4719 648 4766 scaras
661 4711 693 4766 de
708 4711 895 4766 Bachaumont
909 4711 965 4781 (die
979 4728 990 4780 5
1003 4714 1104 4766 mensis
1112 4711 1270 4768 novembris
1289 4713 1385 4786 1771);
1399 4713 1501 4770 Corrat-

333 4799 460 4872 pondaacr
473 4800 502 4853 dc
516 4799 628 4864 Grimm,
644 4800 687 4856 ed.
703 4799 860 4892 Tourneux,
877 4811 894 4854 t.
912 4799 959 4865 IX,
977 4817 1001 4869 p.
1021 4801 1079 4872 389.
