<?xml version="1.0" encoding="UTF-8"?>
<!DOCTYPE html PUBLIC "-//W3C//DTD XHTML 1.0 Transitional//EN"
    "http://www.w3.org/TR/xhtml1/DTD/xhtml1-transitional.dtd">
<html xmlns="http://www.w3.org/1999/xhtml" xml:lang="en" lang="en">
 <head>
  <title>
</title>
<meta http-equiv="Content-Type" content="text/html;charset=utf-8" />
  <meta name='ocr-system' content='tesseract 3.04.00' />
  <meta name='ocr-capabilities' content='ocr_page ocr_carea ocr_par ocr_line ocrx_word'/>
</head>
<body>
  <div class='ocr_page' id='page_1' title='image "./degoldonioitali00rabagoog_0112.png"; bbox 0 0 3588 5680; ppageno 0'>
   <div class='ocr_carea' id='block_1_1' title="bbox 426 638 1425 746">
    <p class='ocr_par' dir='ltr' id='par_1_1' title="bbox 426 638 1425 746">
     <span class='ocr_line' id='line_1_1' title="bbox 426 638 1425 746; baseline 0 -22"><span class='ocrx_word' id='word_1_1' title='bbox 426 638 503 734; x_wconf 83' lang='lat' dir='ltr'>QUAE¹</span> <span class='ocrx_word' id='word_1_2' title='bbox 528 679 606 726; x_wconf 87' lang='lat' dir='ltr'><strong>SINT</strong></span> <span class='ocrx_word' id='word_1_3' title='bbox 631 677 810 726; x_wconf 82' lang='lat' dir='ltr'><strong>PRAECIPUAE</strong></span> <span class='ocrx_word' id='word_1_4' title='bbox 835 677 1065 726; x_wconf 78' lang='lat' dir='ltr'>GOLDONIANAE</span> <span class='ocrx_word' id='word_1_5' title='bbox 1089 679 1259 726; x_wconf 83' lang='lat' dir='ltr'>PERSONAE.</span> <span class='ocrx_word' id='word_1_6' title='bbox 1385 679 1425 746; x_wconf 85' lang='lat'>97</span> 
     </span>
    </p>
   </div>
   <div class='ocr_carea' id='block_1_2' title="bbox 255 814 1472 3238">
    <p class='ocr_par' dir='ltr' id='par_1_2' title="bbox 255 814 1446 2620">
     <span class='ocr_line' id='line_1_2' title="bbox 305 814 1424 904; baseline 0.001 -22"><span class='ocrx_word' id='word_1_7' title='bbox 305 816 344 882; x_wconf 93' lang='lat' dir='ltr'>In</span> <span class='ocrx_word' id='word_1_8' title='bbox 365 815 463 884; x_wconf 89' lang='lat' dir='ltr'>altera</span> <span class='ocrx_word' id='word_1_9' title='bbox 485 814 609 885; x_wconf 87' lang='lat' dir='ltr'>fabula¹</span> <span class='ocrx_word' id='word_1_10' title='bbox 626 818 686 884; x_wconf 89' lang='lat' dir='ltr'>tria</span> <span class='ocrx_word' id='word_1_11' title='bbox 705 814 803 882; x_wconf 90' lang='lat' dir='ltr'>simul</span> <span class='ocrx_word' id='word_1_12' title='bbox 824 817 1034 884; x_wconf 87' lang='lat' dir='ltr'><strong>cantatricum</strong></span> <span class='ocrx_word' id='word_1_13' title='bbox 1055 817 1228 904; x_wconf 86' lang='lat' dir='ltr'>specimina</span> <span class='ocrx_word' id='word_1_14' title='bbox 1252 816 1424 884; x_wconf 91' lang='lat' dir='ltr'>videmus:</span> 
     </span>
     <span class='ocr_line' id='line_1_3' title="bbox 260 939 1427 1032; baseline 0 -24"><span class='ocrx_word' id='word_1_15' title='bbox 260 940 483 1008; x_wconf 79' lang='lat' dir='ltr'>florentinam</span> <span class='ocrx_word' id='word_1_16' title='bbox 503 945 692 1032; x_wconf 85' lang='lat' dir='ltr'>quamdam,</span> <span class='ocrx_word' id='word_1_17' title='bbox 709 939 965 1021; x_wconf 88' lang='lat' dir='ltr'>Bononiensem,</span> <span class='ocrx_word' id='word_1_18' title='bbox 980 940 1216 1032; x_wconf 88' lang='lat' dir='ltr'>Venetamque,</span> <span class='ocrx_word' id='word_1_19' title='bbox 1233 939 1349 1029; x_wconf 91' lang='lat' dir='ltr'>quibus</span> <span class='ocrx_word' id='word_1_20' title='bbox 1368 963 1427 1008; x_wconf 89' lang='lat' dir='ltr'>nec</span> 
     </span>
     <span class='ocr_line' id='line_1_4' title="bbox 260 1063 1426 1152; baseline 0 -20"><span class='ocrx_word' id='word_1_21' title='bbox 260 1083 373 1133; x_wconf 87' lang='lat' dir='ltr'>natura</span> <span class='ocrx_word' id='word_1_22' title='bbox 386 1067 553 1147; x_wconf 90' lang='lat' dir='ltr'>virtutem,</span> <span class='ocrx_word' id='word_1_23' title='bbox 571 1087 631 1131; x_wconf 91' lang='lat' dir='ltr'>nec</span> <span class='ocrx_word' id='word_1_24' title='bbox 645 1063 811 1152; x_wconf 84' lang='lat' dir='ltr'>disciplina</span> <span class='ocrx_word' id='word_1_25' title='bbox 829 1065 905 1131; x_wconf 91' lang='lat' dir='ltr'>artis</span> <span class='ocrx_word' id='word_1_26' title='bbox 919 1087 985 1130; x_wconf 88' lang='lat' dir='ltr'>suae</span> <span class='ocrx_word' id='word_1_27' title='bbox 998 1065 1168 1132; x_wconf 88' lang='lat' dir='ltr'>scientiam</span> <span class='ocrx_word' id='word_1_28' title='bbox 1181 1065 1340 1152; x_wconf 87' lang='lat' dir='ltr'>praestitit.</span> <span class='ocrx_word' id='word_1_29' title='bbox 1359 1065 1426 1132; x_wconf 93' lang='lat' dir='ltr'>Pri·</span> 
     </span>
     <span class='ocr_line' id='line_1_5' title="bbox 260 1187 1424 1277; baseline 0.001 -22"><span class='ocrx_word' id='word_1_30' title='bbox 260 1211 387 1256; x_wconf 85' lang='lat' dir='ltr'>matum</span> <span class='ocrx_word' id='word_1_31' title='bbox 410 1206 519 1257; x_wconf 89' lang='lat' dir='ltr'>tamen</span> <span class='ocrx_word' id='word_1_32' title='bbox 543 1211 612 1256; x_wconf 91' lang='lat' dir='ltr'>esse</span> <span class='ocrx_word' id='word_1_33' title='bbox 632 1190 772 1277; x_wconf 89' lang='lat' dir='ltr'>partium</span> <span class='ocrx_word' id='word_1_34' title='bbox 791 1189 938 1277; x_wconf 91' lang='lat' dir='ltr'>cupiunt,</span> <span class='ocrx_word' id='word_1_35' title='bbox 963 1187 1136 1270; x_wconf 88' lang='lat' dir='ltr'>secundas,</span> <span class='ocrx_word' id='word_1_36' title='bbox 1158 1187 1246 1257; x_wconf 92' lang='lat' dir='ltr'>velut</span> <span class='ocrx_word' id='word_1_37' title='bbox 1263 1187 1424 1276; x_wconf 87' lang='lat' dir='ltr'>indignas,</span> 
     </span>
     <span class='ocr_line' id='line_1_6' title="bbox 259 1311 1427 1401; baseline -0.001 -21"><span class='ocrx_word' id='word_1_38' title='bbox 259 1331 456 1400; x_wconf 85' lang='lat' dir='ltr'>respuentes.</span> <span class='ocrx_word' id='word_1_39' title='bbox 481 1313 560 1382; x_wconf 92' lang='lat' dir='ltr'>Non</span> <span class='ocrx_word' id='word_1_40' title='bbox 585 1313 645 1380; x_wconf 91' lang='lat' dir='ltr'>nisi</span> <span class='ocrx_word' id='word_1_41' title='bbox 669 1311 847 1379; x_wconf 89' lang='lat' dir='ltr'>multarum</span> <span class='ocrx_word' id='word_1_42' title='bbox 869 1312 997 1396; x_wconf 83' lang='lat' dir='ltr'>avium,</span> <span class='ocrx_word' id='word_1_43' title='bbox 1023 1334 1154 1396; x_wconf 89' lang='lat' dir='ltr'>canum,</span> <span class='ocrx_word' id='word_1_44' title='bbox 1181 1330 1427 1401; x_wconf 90' lang='lat' dir='ltr'>ceterorumque</span> 
     </span>
     <span class='ocr_line' id='line_1_7' title="bbox 258 1434 1425 1526; baseline 0.002 -24"><span class='ocrx_word' id='word_1_45' title='bbox 258 1436 445 1524; x_wconf 91' lang='lat' dir='ltr'>hujusmodi</span> <span class='ocrx_word' id='word_1_46' title='bbox 460 1436 648 1505; x_wconf 91' lang='lat' dir='ltr'>animalium</span> <span class='ocrx_word' id='word_1_47' title='bbox 662 1434 841 1526; x_wconf 77' lang='lat' dir='ltr'>frequentia</span> <span class='ocrx_word' id='word_1_48' title='bbox 858 1435 1058 1505; x_wconf 86' lang='lat' dir='ltr'>circumfusae</span> <span class='ocrx_word' id='word_1_49' title='bbox 1073 1458 1218 1526; x_wconf 87' lang='lat' dir='ltr'>unquam</span> <span class='ocrx_word' id='word_1_50' title='bbox 1233 1434 1425 1525; x_wconf 90' lang='lat' dir='ltr'>procedunt,</span> 
     </span>
     <span class='ocr_line' id='line_1_8' title="bbox 258 1555 1424 1650; baseline 0.001 -24"><span class='ocrx_word' id='word_1_51' title='bbox 258 1576 290 1627; x_wconf 89' lang='lat' dir='ltr'>et</span> <span class='ocrx_word' id='word_1_52' title='bbox 318 1582 391 1649; x_wconf 88' lang='lat' dir='ltr'>quae</span> <span class='ocrx_word' id='word_1_53' title='bbox 413 1583 479 1650; x_wconf 90' lang='lat' dir='ltr'>prae</span> <span class='ocrx_word' id='word_1_54' title='bbox 506 1583 540 1628; x_wconf 93' lang='lat' dir='ltr'>se</span> <span class='ocrx_word' id='word_1_55' title='bbox 569 1578 729 1628; x_wconf 88' lang='lat' dir='ltr'>castarum</span> <span class='ocrx_word' id='word_1_56' title='bbox 759 1560 932 1627; x_wconf 88' lang='lat' dir='ltr'>mulierum</span> <span class='ocrx_word' id='word_1_57' title='bbox 959 1561 1099 1649; x_wconf 89' lang='lat' dir='ltr'>speciem</span> <span class='ocrx_word' id='word_1_58' title='bbox 1127 1559 1209 1626; x_wconf 86' lang='lat' dir='ltr'>ferre</span> <span class='ocrx_word' id='word_1_59' title='bbox 1238 1555 1424 1644; x_wconf 83' lang='lat' dir='ltr'>intendunt,</span> 
     </span>
     <span class='ocr_line' id='line_1_9' title="bbox 258 1683 1427 1776; baseline 0 -26"><span class='ocrx_word' id='word_1_60' title='bbox 258 1683 416 1753; x_wconf 89' lang='lat' dir='ltr'>aniculam</span> <span class='ocrx_word' id='word_1_61' title='bbox 440 1684 632 1776; x_wconf 89' lang='lat' dir='ltr'>quamdam,</span> <span class='ocrx_word' id='word_1_62' title='bbox 652 1686 763 1752; x_wconf 91' lang='lat' dir='ltr'>matris</span> <span class='ocrx_word' id='word_1_63' title='bbox 787 1683 897 1751; x_wconf 91' lang='lat' dir='ltr'>locum</span> <span class='ocrx_word' id='word_1_64' title='bbox 919 1701 1105 1767; x_wconf 88' lang='lat' dir='ltr'>tenentem,</span> <span class='ocrx_word' id='word_1_65' title='bbox 1127 1702 1181 1752; x_wconf 86' lang='lat' dir='ltr'>aut</span> <span class='ocrx_word' id='word_1_66' title='bbox 1203 1683 1352 1769; x_wconf 89' lang='lat' dir='ltr'>fratrem,</span> <span class='ocrx_word' id='word_1_67' title='bbox 1371 1701 1427 1752; x_wconf 90' lang='lat' dir='ltr'>aut</span> 
     </span>
     <span class='ocr_line' id='line_1_10' title="bbox 256 1806 1426 1898; baseline -0.001 -23"><span class='ocrx_word' id='word_1_68' title='bbox 256 1807 396 1897; x_wconf 90' lang='lat' dir='ltr'>aliquem</span> <span class='ocrx_word' id='word_1_69' title='bbox 421 1808 807 1898; x_wconf 84' lang='lat' dir='ltr'>simulatumcognatum</span> <span class='ocrx_word' id='word_1_70' title='bbox 825 1807 973 1898; x_wconf 90' lang='lat' dir='ltr'>praesidio</span> <span class='ocrx_word' id='word_1_71' title='bbox 995 1808 1126 1876; x_wconf 90' lang='lat' dir='ltr'>habent.</span> <span class='ocrx_word' id='word_1_72' title='bbox 1151 1808 1280 1875; x_wconf 88' lang='lat' dir='ltr'>Artium</span> <span class='ocrx_word' id='word_1_73' title='bbox 1303 1806 1426 1876; x_wconf 91' lang='lat' dir='ltr'>intelli-</span> 
     </span>
     <span class='ocr_line' id='line_1_11' title="bbox 257 1931 1427 2022; baseline -0.001 -23"><span class='ocrx_word' id='word_1_74' title='bbox 257 1949 369 2019; x_wconf 90' lang='lat' dir='ltr'>gentes</span> <span class='ocrx_word' id='word_1_75' title='bbox 383 1933 469 1999; x_wconf 92' lang='lat' dir='ltr'>viros</span> <span class='ocrx_word' id='word_1_76' title='bbox 484 1932 566 1999; x_wconf 92' lang='lat' dir='ltr'>nihil</span> <span class='ocrx_word' id='word_1_77' title='bbox 578 1931 663 2001; x_wconf 90' lang='lat' dir='ltr'>aliud</span> <span class='ocrx_word' id='word_1_78' title='bbox 679 1955 778 2022; x_wconf 92' lang='lat' dir='ltr'>quam</span> <span class='ocrx_word' id='word_1_79' title='bbox 791 1950 953 2000; x_wconf 85' lang='lat' dir='ltr'>amatores</span> <span class='ocrx_word' id='word_1_80' title='bbox 967 1931 1025 1999; x_wconf 92' lang='lat' dir='ltr'>sibi</span> <span class='ocrx_word' id='word_1_81' title='bbox 1041 1955 1058 1998; x_wconf 90' lang='lat' dir='ltr'>a</span> <span class='ocrx_word' id='word_1_82' title='bbox 1078 1950 1192 1998; x_wconf 90' lang='lat' dir='ltr'>natura</span> <span class='ocrx_word' id='word_1_83' title='bbox 1209 1931 1301 1998; x_wconf 90' lang='lat' dir='ltr'>datos</span> <span class='ocrx_word' id='word_1_84' title='bbox 1320 1931 1427 1998; x_wconf 84' lang='lat' dir='ltr'>existi-</span> 
     </span>
     <span class='ocr_line' id='line_1_12' title="bbox 259 2053 1425 2147; baseline 0 -25"><span class='ocrx_word' id='word_1_85' title='bbox 259 2075 360 2138; x_wconf 88' lang='lat' dir='ltr'>mant,</span> <span class='ocrx_word' id='word_1_86' title='bbox 382 2058 437 2147; x_wconf 91' lang='lat' dir='ltr'>qui</span> <span class='ocrx_word' id='word_1_87' title='bbox 456 2057 639 2145; x_wconf 91' lang='lat' dir='ltr'>sumptibus</span> <span class='ocrx_word' id='word_1_88' title='bbox 656 2056 879 2145; x_wconf 79' lang='lat' dir='ltr'>suppeditent3</span> <span class='ocrx_word' id='word_1_89' title='bbox 897 2078 965 2124; x_wconf 89' lang='lat' dir='ltr'>rara</span> <span class='ocrx_word' id='word_1_90' title='bbox 984 2074 1092 2124; x_wconf 89' lang='lat' dir='ltr'>autem</span> <span class='ocrx_word' id='word_1_91' title='bbox 1114 2055 1182 2124; x_wconf 87' lang='lat' dir='ltr'>haec</span> <span class='ocrx_word' id='word_1_92' title='bbox 1204 2053 1335 2122; x_wconf 86' lang='lat' dir='ltr'>fortuna</span> <span class='ocrx_word' id='word_1_93' title='bbox 1359 2053 1425 2122; x_wconf 86' lang='lat' dir='ltr'>feli·</span> 
     </span>
     <span class='ocr_line' id='line_1_13' title="bbox 256 2177 1425 2270; baseline -0.001 -23"><span class='ocrx_word' id='word_1_94' title='bbox 256 2203 372 2269; x_wconf 90' lang='lat' dir='ltr'>cesque</span> <span class='ocrx_word' id='word_1_95' title='bbox 393 2203 426 2246; x_wconf 92' lang='lat' dir='ltr'>se</span> <span class='ocrx_word' id='word_1_96' title='bbox 449 2179 644 2248; x_wconf 90' lang='lat' dir='ltr'>arbitrantur</span> <span class='ocrx_word' id='word_1_97' title='bbox 663 2203 743 2247; x_wconf 92' lang='lat' dir='ltr'>cum</span> <span class='ocrx_word' id='word_1_98' title='bbox 761 2179 869 2248; x_wconf 91' lang='lat' dir='ltr'>solum</span> <span class='ocrx_word' id='word_1_99' title='bbox 890 2181 1029 2270; x_wconf 89' lang='lat' dir='ltr'>patrium</span> <span class='ocrx_word' id='word_1_100' title='bbox 1049 2197 1173 2248; x_wconf 90' lang='lat' dir='ltr'>vertere</span> <span class='ocrx_word' id='word_1_101' title='bbox 1200 2177 1330 2247; x_wconf 89' lang='lat' dir='ltr'>modico</span> <span class='ocrx_word' id='word_1_102' title='bbox 1352 2199 1425 2246; x_wconf 92' lang='lat' dir='ltr'>can·</span> 
     </span>
     <span class='ocr_line' id='line_1_14' title="bbox 257 2302 1446 2394; baseline 0 -24"><span class='ocrx_word' id='word_1_103' title='bbox 257 2322 338 2371; x_wconf 90' lang='lat' dir='ltr'>turae</span> <span class='ocrx_word' id='word_1_104' title='bbox 356 2305 460 2392; x_wconf 90' lang='lat' dir='ltr'>pretio</span> <span class='ocrx_word' id='word_1_105' title='bbox 480 2321 629 2394; x_wconf 89' lang='lat' dir='ltr'>possunt,</span> <span class='ocrx_word' id='word_1_106' title='bbox 647 2328 723 2371; x_wconf 91' lang='lat' dir='ltr'>nam</span> <span class='ocrx_word' id='word_1_107' title='bbox 743 2303 840 2372; x_wconf 92' lang='lat' dir='ltr'>sibilis</span> <span class='ocrx_word' id='word_1_108' title='bbox 855 2306 969 2393; x_wconf 87' lang='lat' dir='ltr'>saepius</span> <span class='ocrx_word' id='word_1_109' title='bbox 984 2302 1133 2392; x_wconf 85' lang='lat' dir='ltr'>explosae,</span> <span class='ocrx_word' id='word_1_110' title='bbox 1149 2325 1248 2394; x_wconf 92' lang='lat' dir='ltr'>quam</span> <span class='ocrx_word' id='word_1_111' title='bbox 1262 2302 1425 2392; x_wconf 88' lang='lat' dir='ltr'>plausibus</span> <span class='ocrx_word' id='word_1_112' title='bbox 1443 2355 1446 2360; x_wconf 86' lang='lat'>.</span> 
     </span>
     <span class='ocr_line' id='line_1_15' title="bbox 256 2427 1423 2520; baseline -0.003 -24"><span class='ocrx_word' id='word_1_113' title='bbox 256 2448 405 2518; x_wconf 84' lang='lat' dir='ltr'>acceptae,</span> <span class='ocrx_word' id='word_1_114' title='bbox 420 2431 454 2498; x_wconf 92' lang='lat' dir='ltr'>in</span> <span class='ocrx_word' id='word_1_115' title='bbox 471 2429 686 2518; x_wconf 86' lang='lat' dir='ltr'>municipibus</span> <span class='ocrx_word' id='word_1_116' title='bbox 702 2429 827 2512; x_wconf 88' lang='lat' dir='ltr'>scaenis,</span> <span class='ocrx_word' id='word_1_117' title='bbox 842 2428 900 2496; x_wconf 90' lang='lat' dir='ltr'>sibi</span> <span class='ocrx_word' id='word_1_118' title='bbox 916 2450 1018 2520; x_wconf 91' lang='lat' dir='ltr'>usque</span> <span class='ocrx_word' id='word_1_119' title='bbox 1032 2427 1167 2496; x_wconf 86' lang='lat' dir='ltr'>antehac</span> <span class='ocrx_word' id='word_1_120' title='bbox 1181 2445 1307 2496; x_wconf 91' lang='lat' dir='ltr'>tantum</span> <span class='ocrx_word' id='word_1_121' title='bbox 1324 2429 1423 2509; x_wconf 86' lang='lat' dir='ltr'>notis,</span> 
     </span>
     <span class='ocr_line' id='line_1_16' title="bbox 255 2550 398 2620; baseline 0.014 -2"><span class='ocrx_word' id='word_1_122' title='bbox 255 2550 398 2620; x_wconf 91' lang='lat' dir='ltr'>fuerunt.</span> 
     </span>
    </p>

    <p class='ocr_par' dir='ltr' id='par_1_3' title="bbox 255 2673 1472 3238">
     <span class='ocr_line' id='line_1_17' title="bbox 300 2673 1472 2763; baseline -0.004 -18"><span class='ocrx_word' id='word_1_123' title='bbox 300 2676 371 2745; x_wconf 91' lang='lat' dir='ltr'>Nec</span> <span class='ocrx_word' id='word_1_124' title='bbox 401 2675 505 2745; x_wconf 90' lang='lat' dir='ltr'>multo</span> <span class='ocrx_word' id='word_1_125' title='bbox 537 2677 651 2744; x_wconf 91' lang='lat' dir='ltr'>melius</span> <span class='ocrx_word' id='word_1_126' title='bbox 678 2677 787 2744; x_wconf 82' lang='lat' dir='ltr'>valent</span> <span class='ocrx_word' id='word_1_127' title='bbox 814 2692 986 2742; x_wconf 86' lang='lat' dir='ltr'>cantores:</span> <span class='ocrx_word' id='word_1_128' title='bbox 1017 2676 1072 2763; x_wconf 90' lang='lat' dir='ltr'>qui</span> <span class='ocrx_word' id='word_1_129' title='bbox 1104 2673 1278 2742; x_wconf 85' lang='lat' dir='ltr'>femineam</span> <span class='ocrx_word' id='word_1_130' title='bbox 1308 2696 1422 2741; x_wconf 89' lang='lat' dir='ltr'>vocem</span> <span class='ocrx_word' id='word_1_131' title='bbox 1468 2677 1472 2686; x_wconf 86' lang='lat'>&#39;</span> 
     </span>
     <span class='ocr_line' id='line_1_18' title="bbox 255 2795 1423 2879; baseline -0.002 -14"><span class='ocrx_word' id='word_1_132' title='bbox 255 2799 403 2867; x_wconf 87' lang='lat' dir='ltr'>imitatur</span> <span class='ocrx_word' id='word_1_133' title='bbox 419 2798 572 2866; x_wconf 86' lang='lat' dir='ltr'>omnibus</span> <span class='ocrx_word' id='word_1_134' title='bbox 595 2800 768 2867; x_wconf 92' lang='lat' dir='ltr'>mulierum</span> <span class='ocrx_word' id='word_1_135' title='bbox 789 2797 928 2866; x_wconf 90' lang='lat' dir='ltr'>ridiculis</span> <span class='ocrx_word' id='word_1_136' title='bbox 951 2820 1075 2864; x_wconf 90' lang='lat' dir='ltr'>novum</span> <span class='ocrx_word' id='word_1_137' title='bbox 1098 2795 1202 2879; x_wconf 88' lang='lat' dir='ltr'>addit,</span> <span class='ocrx_word' id='word_1_138' title='bbox 1226 2819 1300 2865; x_wconf 92' lang='lat' dir='ltr'>cum</span> <span class='ocrx_word' id='word_1_139' title='bbox 1329 2798 1423 2864; x_wconf 90' lang='lat' dir='ltr'>alieni</span> 
     </span>
     <span class='ocr_line' id='line_1_19' title="bbox 255 2921 1422 3012; baseline 0 -24"><span class='ocrx_word' id='word_1_140' title='bbox 255 2943 349 2989; x_wconf 86' lang='lat' dir='ltr'>sexus</span> <span class='ocrx_word' id='word_1_141' title='bbox 370 2922 470 2990; x_wconf 92' lang='lat' dir='ltr'>videri</span> <span class='ocrx_word' id='word_1_142' title='bbox 489 2941 645 3008; x_wconf 89' lang='lat' dir='ltr'>conetur;</span> <span class='ocrx_word' id='word_1_143' title='bbox 667 2923 874 2990; x_wconf 88' lang='lat' dir='ltr'>cantatricem</span> <span class='ocrx_word' id='word_1_144' title='bbox 894 2943 927 2990; x_wconf 94' lang='lat' dir='ltr'>se</span> <span class='ocrx_word' id='word_1_145' title='bbox 950 2922 1137 2989; x_wconf 90' lang='lat' dir='ltr'>relicturum</span> <span class='ocrx_word' id='word_1_146' title='bbox 1157 2938 1252 3009; x_wconf 85' lang='lat' dir='ltr'>negat</span> <span class='ocrx_word' id='word_1_147' title='bbox 1273 2921 1327 3012; x_wconf 93' lang='lat' dir='ltr'>qui</span> <span class='ocrx_word' id='word_1_148' title='bbox 1350 2921 1422 2988; x_wconf 90' lang='lat' dir='ltr'>viri-</span> 
     </span>
     <span class='ocr_line' id='line_1_20' title="bbox 256 3042 1421 3136; baseline -0.001 -25"><span class='ocrx_word' id='word_1_149' title='bbox 256 3043 335 3112; x_wconf 92' lang='lat' dir='ltr'>lium</span> <span class='ocrx_word' id='word_1_150' title='bbox 351 3047 489 3136; x_wconf 87' lang='lat' dir='ltr'>partium</span> <span class='ocrx_word' id='word_1_151' title='bbox 505 3046 702 3114; x_wconf 89' lang='lat' dir='ltr'>acutissimas</span> <span class='ocrx_word' id='word_1_152' title='bbox 718 3045 815 3130; x_wconf 87' lang='lat' dir='ltr'>canit,</span> <span class='ocrx_word' id='word_1_153' title='bbox 832 3043 921 3135; x_wconf 90' lang='lat' dir='ltr'>quod</span> <span class='ocrx_word' id='word_1_154' title='bbox 942 3067 1017 3112; x_wconf 92' lang='lat' dir='ltr'>cum</span> <span class='ocrx_word' id='word_1_155' title='bbox 1039 3067 1087 3128; x_wconf 92' lang='lat' dir='ltr'>ea,</span> <span class='ocrx_word' id='word_1_156' title='bbox 1103 3042 1292 3133; x_wconf 91' lang='lat' dir='ltr'>palumbum</span> <span class='ocrx_word' id='word_1_157' title='bbox 1316 3065 1421 3128; x_wconf 90' lang='lat' dir='ltr'>more,</span> 
     </span>
     <span class='ocr_line' id='line_1_21' title="bbox 255 3142 1422 3238; baseline -0.003 -3"><span class='ocrx_word' id='word_1_158' title='bbox 255 3170 409 3237; x_wconf 90' lang='lat' dir='ltr'>amatoria</span> <span class='ocrx_word' id='word_1_159' title='bbox 428 3142 549 3236; x_wconf 85' lang='lat' dir='ltr'>cantica</span> <span class='ocrx_word' id='word_1_160' title='bbox 564 3167 656 3236; x_wconf 90' lang='lat' dir='ltr'>edere</span> <span class='ocrx_word' id='word_1_161' title='bbox 671 3171 785 3238; x_wconf 89' lang='lat' dir='ltr'>suevit.</span> <span class='ocrx_word' id='word_1_162' title='bbox 803 3169 961 3236; x_wconf 88' lang='lat' dir='ltr'>Ceterum</span> <span class='ocrx_word' id='word_1_163' title='bbox 977 3191 1091 3235; x_wconf 91' lang='lat' dir='ltr'>omnes</span> <span class='ocrx_word' id='word_1_164' title='bbox 1109 3191 1207 3236; x_wconf 93' lang='lat' dir='ltr'>unam</span> <span class='ocrx_word' id='word_1_165' title='bbox 1223 3184 1352 3235; x_wconf 90' lang='lat' dir='ltr'>tantum</span> <span class='ocrx_word' id='word_1_166' title='bbox 1367 3182 1422 3234; x_wconf 88' lang='lat' dir='ltr'>aut</span> 
     </span>
    </p>
   </div>
   <div class='ocr_carea' id='block_1_3' title="bbox 255 3291 1421 3385">
    <p class='ocr_par' dir='ltr' id='par_1_4' title="bbox 255 3291 1421 3385">
     <span class='ocr_line' id='line_1_22' title="bbox 255 3291 1421 3385; baseline 0 -27"><span class='ocrx_word' id='word_1_167' title='bbox 255 3293 387 3360; x_wconf 88' lang='lat' dir='ltr'>alteram</span> <span class='ocrx_word' id='word_1_168' title='bbox 408 3294 601 3361; x_wconf 87' lang='lat' dir='ltr'>cantilenam</span> <span class='ocrx_word' id='word_1_169' title='bbox 622 3291 757 3360; x_wconf 90' lang='lat' dir='ltr'>didicere</span> <span class='ocrx_word' id='word_1_170' title='bbox 781 3294 1045 3385; x_wconf 87' lang='lat' dir='ltr'>miserrimusque</span> <span class='ocrx_word' id='word_1_171' title='bbox 1072 3311 1184 3382; x_wconf 89' lang='lat' dir='ltr'>poeta,</span> <span class='ocrx_word' id='word_1_172' title='bbox 1209 3291 1264 3380; x_wconf 90' lang='lat' dir='ltr'>qui</span> <span class='ocrx_word' id='word_1_173' title='bbox 1289 3313 1421 3380; x_wconf 84' lang='lat' dir='ltr'>gregem</span> 
     </span>
    </p>
   </div>
   <div class='ocr_carea' id='block_1_4' title="bbox 255 3413 1424 4501">
    <p class='ocr_par' dir='ltr' id='par_1_5' title="bbox 256 3413 1421 3611">
     <span class='ocr_line' id='line_1_23' title="bbox 256 3413 1421 3509; baseline -0.003 -25"><span class='ocrx_word' id='word_1_174' title='bbox 256 3419 412 3509; x_wconf 83' lang='lat' dir='ltr'>sequitur,</span> <span class='ocrx_word' id='word_1_175' title='bbox 428 3417 545 3486; x_wconf 91' lang='lat' dir='ltr'>durum</span> <span class='ocrx_word' id='word_1_176' title='bbox 563 3416 658 3485; x_wconf 89' lang='lat' dir='ltr'>debet</span> <span class='ocrx_word' id='word_1_177' title='bbox 679 3416 838 3505; x_wconf 88' lang='lat' dir='ltr'>suscipere</span> <span class='ocrx_word' id='word_1_178' title='bbox 862 3439 943 3507; x_wconf 92' lang='lat' dir='ltr'>opus</span> <span class='ocrx_word' id='word_1_179' title='bbox 966 3439 1004 3482; x_wconf 87' lang='lat' dir='ltr'>ex</span> <span class='ocrx_word' id='word_1_180' title='bbox 1024 3415 1201 3506; x_wconf 90' lang='lat' dir='ltr'>improviso</span> <span class='ocrx_word' id='word_1_181' title='bbox 1222 3437 1307 3482; x_wconf 89' lang='lat' dir='ltr'>nova</span> <span class='ocrx_word' id='word_1_182' title='bbox 1326 3413 1421 3483; x_wconf 83' lang='lat' dir='ltr'>verba</span> 
     </span>
     <span class='ocr_line' id='line_1_24' title="bbox 256 3539 937 3611; baseline 0 -3"><span class='ocrx_word' id='word_1_183' title='bbox 256 3544 394 3610; x_wconf 89' lang='lat' dir='ltr'>nimium</span> <span class='ocrx_word' id='word_1_184' title='bbox 410 3545 497 3611; x_wconf 90' lang='lat' dir='ltr'>notis</span> <span class='ocrx_word' id='word_1_185' title='bbox 510 3543 642 3611; x_wconf 92' lang='lat' dir='ltr'>vocibus</span> <span class='ocrx_word' id='word_1_186' title='bbox 657 3539 937 3609; x_wconf 87' lang='lat' dir='ltr'>accommodandi.</span> 
     </span>
    </p>

    <p class='ocr_par' dir='ltr' id='par_1_6' title="bbox 255 3660 1424 4501">
     <span class='ocr_line' id='line_1_25' title="bbox 301 3660 1421 3756; baseline -0.003 -23"><span class='ocrx_word' id='word_1_187' title='bbox 301 3666 402 3749; x_wconf 92' lang='lat' dir='ltr'>Quod</span> <span class='ocrx_word' id='word_1_188' title='bbox 426 3669 452 3734; x_wconf 92' lang='lat' dir='ltr'>si</span> <span class='ocrx_word' id='word_1_189' title='bbox 476 3685 584 3734; x_wconf 89' lang='lat' dir='ltr'>tamen</span> <span class='ocrx_word' id='word_1_190' title='bbox 612 3689 719 3735; x_wconf 88' lang='lat' dir='ltr'>rerum</span> <span class='ocrx_word' id='word_1_191' title='bbox 744 3667 863 3756; x_wconf 90' lang='lat' dir='ltr'>species</span> <span class='ocrx_word' id='word_1_192' title='bbox 888 3664 1089 3754; x_wconf 90' lang='lat' dir='ltr'>aliquantum</span> <span class='ocrx_word' id='word_1_193' title='bbox 1114 3660 1281 3744; x_wconf 85' lang='lat' dir='ltr'>claudicat,</span> <span class='ocrx_word' id='word_1_194' title='bbox 1308 3681 1421 3730; x_wconf 91' lang='lat' dir='ltr'>monet</span> 
     </span>
     <span class='ocr_line' id='line_1_26' title="bbox 257 3787 1422 3877; baseline -0.003 -19"><span class='ocrx_word' id='word_1_195' title='bbox 257 3813 317 3859; x_wconf 88' lang='lat' dir='ltr'>nos</span> <span class='ocrx_word' id='word_1_196' title='bbox 334 3790 517 3859; x_wconf 90' lang='lat' dir='ltr'>Goldonius</span> <span class='ocrx_word' id='word_1_197' title='bbox 530 3791 614 3858; x_wconf 91' lang='lat' dir='ltr'>inter</span> <span class='ocrx_word' id='word_1_198' title='bbox 630 3808 680 3858; x_wconf 91' lang='lat' dir='ltr'>tot</span> <span class='ocrx_word' id='word_1_199' title='bbox 702 3788 817 3857; x_wconf 91' lang='lat' dir='ltr'>dubios</span> <span class='ocrx_word' id='word_1_200' title='bbox 840 3813 930 3858; x_wconf 92' lang='lat' dir='ltr'>casus</span> <span class='ocrx_word' id='word_1_201' title='bbox 947 3791 1084 3857; x_wconf 88' lang='lat' dir='ltr'>intactos</span> <span class='ocrx_word' id='word_1_202' title='bbox 1104 3787 1294 3877; x_wconf 91' lang='lat' dir='ltr'>plerumque</span> <span class='ocrx_word' id='word_1_203' title='bbox 1315 3810 1422 3855; x_wconf 87' lang='lat' dir='ltr'>mores</span> 
     </span>
     <span class='ocr_line' id='line_1_27' title="bbox 255 3911 1423 4004; baseline -0.003 -22"><span class='ocrx_word' id='word_1_204' title='bbox 255 3934 407 4003; x_wconf 85' lang='lat' dir='ltr'>perstare,</span> <span class='ocrx_word' id='word_1_205' title='bbox 434 3933 465 3982; x_wconf 90' lang='lat' dir='ltr'>et</span> <span class='ocrx_word' id='word_1_206' title='bbox 488 3913 573 3982; x_wconf 93' lang='lat' dir='ltr'>dona</span> <span class='ocrx_word' id='word_1_207' title='bbox 594 3912 758 3982; x_wconf 90' lang='lat' dir='ltr'>interdum</span> <span class='ocrx_word' id='word_1_208' title='bbox 779 3915 818 3983; x_wconf 92' lang='lat' dir='ltr'>ab</span> <span class='ocrx_word' id='word_1_209' title='bbox 841 3915 897 3997; x_wconf 91' lang='lat' dir='ltr'>eis,</span> <span class='ocrx_word' id='word_1_210' title='bbox 919 3915 974 4004; x_wconf 94' lang='lat' dir='ltr'>qui</span> <span class='ocrx_word' id='word_1_211' title='bbox 993 3915 1075 4002; x_wconf 91' lang='lat' dir='ltr'>ipsas</span> <span class='ocrx_word' id='word_1_212' title='bbox 1097 3911 1219 3997; x_wconf 88' lang='lat' dir='ltr'>colant,</span> <span class='ocrx_word' id='word_1_213' title='bbox 1236 3911 1423 3979; x_wconf 89' lang='lat' dir='ltr'>cantatrices</span> 
     </span>
     <span class='ocr_line' id='line_1_28' title="bbox 256 4034 1421 4128; baseline -0.003 -22"><span class='ocrx_word' id='word_1_214' title='bbox 256 4039 396 4128; x_wconf 90' lang='lat' dir='ltr'>accipere</span> <span class='ocrx_word' id='word_1_215' title='bbox 424 4039 499 4106; x_wconf 91' lang='lat' dir='ltr'>artis</span> <span class='ocrx_word' id='word_1_216' title='bbox 525 4063 589 4106; x_wconf 91' lang='lat' dir='ltr'>suae</span> <span class='ocrx_word' id='word_1_217' title='bbox 612 4038 819 4122; x_wconf 85' lang='lat' dir='ltr'>venerandae,</span> <span class='ocrx_word' id='word_1_218' title='bbox 847 4061 905 4106; x_wconf 90' lang='lat' dir='ltr'>nec</span> <span class='ocrx_word' id='word_1_219' title='bbox 930 4036 1090 4127; x_wconf 85' lang='lat' dir='ltr'>pudicitiae</span> <span class='ocrx_word' id='word_1_220' title='bbox 1119 4034 1271 4103; x_wconf 88' lang='lat' dir='ltr'>laedendae</span> <span class='ocrx_word' id='word_1_221' title='bbox 1299 4058 1421 4121; x_wconf 88' lang='lat' dir='ltr'>causa;</span> 
     </span>
     <span class='ocr_line' id='line_1_29' title="bbox 256 4158 1423 4252; baseline -0.005 -22"><span class='ocrx_word' id='word_1_222' title='bbox 256 4159 423 4251; x_wconf 89' lang='lat' dir='ltr'>quodlibet</span> <span class='ocrx_word' id='word_1_223' title='bbox 442 4163 619 4252; x_wconf 91' lang='lat' dir='ltr'>suspicetur</span> <span class='ocrx_word' id='word_1_224' title='bbox 639 4180 824 4252; x_wconf 89' lang='lat' dir='ltr'>spectator:</span> <span class='ocrx_word' id='word_1_225' title='bbox 845 4161 924 4230; x_wconf 92' lang='lat' dir='ltr'>dum</span> <span class='ocrx_word' id='word_1_226' title='bbox 949 4185 1016 4228; x_wconf 90' lang='lat' dir='ltr'>non</span> <span class='ocrx_word' id='word_1_227' title='bbox 1037 4163 1133 4228; x_wconf 90' lang='lat' dir='ltr'>nimis</span> <span class='ocrx_word' id='word_1_228' title='bbox 1154 4158 1277 4228; x_wconf 90' lang='lat' dir='ltr'>diffidat</span> <span class='ocrx_word' id='word_1_229' title='bbox 1298 4178 1354 4226; x_wconf 93' lang='lat' dir='ltr'>aut</span> <span class='ocrx_word' id='word_1_230' title='bbox 1376 4160 1423 4225; x_wconf 90' lang='lat' dir='ltr'>ni-</span> 
     </span>
     <span class='ocr_line' id='line_1_30' title="bbox 255 4279 1424 4374; baseline -0.007 -22"><span class='ocrx_word' id='word_1_231' title='bbox 255 4287 361 4353; x_wconf 90' lang='lat' dir='ltr'>mium</span> <span class='ocrx_word' id='word_1_232' title='bbox 382 4288 424 4353; x_wconf 90' lang='lat' dir='ltr'>sit</span> <span class='ocrx_word' id='word_1_233' title='bbox 448 4285 638 4368; x_wconf 85' lang='lat' dir='ltr'>malevolus,</span> <span class='ocrx_word' id='word_1_234' title='bbox 652 4284 777 4352; x_wconf 89' lang='lat' dir='ltr'>salvum</span> <span class='ocrx_word' id='word_1_235' title='bbox 799 4297 908 4352; x_wconf 88' lang='lat' dir='ltr'>manet</span> <span class='ocrx_word' id='word_1_236' title='bbox 927 4283 1015 4374; x_wconf 94' lang='lat' dir='ltr'>quod</span> <span class='ocrx_word' id='word_1_237' title='bbox 1034 4282 1135 4352; x_wconf 90' lang='lat' dir='ltr'>decet.</span> <span class='ocrx_word' id='word_1_238' title='bbox 1159 4284 1233 4351; x_wconf 90' lang='lat' dir='ltr'>Una</span> <span class='ocrx_word' id='word_1_239' title='bbox 1259 4302 1368 4350; x_wconf 89' lang='lat' dir='ltr'>tamen</span> <span class='ocrx_word' id='word_1_240' title='bbox 1388 4279 1424 4344; x_wconf 88' lang='lat' dir='ltr'>fit</span> 
     </span>
     <span class='ocr_line' id='line_1_31' title="bbox 256 4399 1424 4501; baseline -0.008 -23"><span class='ocrx_word' id='word_1_241' title='bbox 256 4413 432 4501; x_wconf 88' lang='lat' dir='ltr'>exceptio²,</span> <span class='ocrx_word' id='word_1_242' title='bbox 443 4433 518 4477; x_wconf 91' lang='lat' dir='ltr'>cum</span> <span class='ocrx_word' id='word_1_243' title='bbox 535 4409 673 4478; x_wconf 90' lang='lat' dir='ltr'>Clarissa</span> <span class='ocrx_word' id='word_1_244' title='bbox 685 4410 840 4477; x_wconf 86' lang='lat' dir='ltr'>cantatrix</span> <span class='ocrx_word' id='word_1_245' title='bbox 854 4399 1021 4478; x_wconf 87' lang='lat' dir='ltr'>scitissime</span> <span class='ocrx_word' id='word_1_246' title='bbox 1030 4409 1129 4478; x_wconf 89' lang='lat' dir='ltr'>vetuli</span> <span class='ocrx_word' id='word_1_247' title='bbox 1144 4407 1331 4476; x_wconf 87' lang='lat' dir='ltr'>Pantalonis</span> <span class='ocrx_word' id='word_1_248' title='bbox 1346 4426 1424 4492; x_wconf 89' lang='lat' dir='ltr'>opes</span> 
     </span>
    </p>
   </div>
   <div class='ocr_carea' id='block_1_5' title="bbox 259 4597 472 4610">
    <p class='ocr_par' dir='ltr' id='par_1_7' title="bbox 259 4597 472 4610">
     <span class='ocr_line' id='line_1_32' title="bbox 259 4597 472 4610; baseline -0.005 -2"><span class='ocrx_word' id='word_1_249' title='bbox 259 4597 472 4610; x_wconf 72' lang='grc' dir='ltr'>ι--ιι--ι</span> 
     </span>
    </p>
   </div>
   <div class='ocr_carea' id='block_1_6' title="bbox 293 4702 715 4858">
    <p class='ocr_par' dir='ltr' id='par_1_8' title="bbox 293 4702 715 4858">
     <span class='ocr_line' id='line_1_33' title="bbox 295 4702 715 4777; baseline 0.002 -19"><span class='ocrx_word' id='word_1_250' title='bbox 295 4722 316 4761; x_wconf 88' lang='lat'>1.</span> <span class='ocrx_word' id='word_1_251' title='bbox 338 4705 518 4777; x_wconf 73' lang='lat' dir='ltr'>L&#39;imprcsurio</span> <span class='ocrx_word' id='word_1_252' title='bbox 531 4703 592 4756; x_wconf 77' lang='lat' dir='ltr'>delle</span> <span class='ocrx_word' id='word_1_253' title='bbox 605 4702 715 4759; x_wconf 77' lang='lat' dir='ltr'>Smirnc.</span> 
     </span>
     <span class='ocr_line' id='line_1_34' title="bbox 293 4802 561 4858; baseline 0.011 -3"><span class='ocrx_word' id='word_1_254' title='bbox 293 4818 317 4856; x_wconf 90' lang='lat'>2.</span> <span class='ocrx_word' id='word_1_255' title='bbox 339 4802 378 4855; x_wconf 87' lang='lat' dir='ltr'>La</span> <span class='ocrx_word' id='word_1_256' title='bbox 392 4802 472 4855; x_wconf 83' lang='lat' dir='ltr'>banca</span> <span class='ocrx_word' id='word_1_257' title='bbox 486 4806 561 4858; x_wconf 82' lang='lat' dir='ltr'>rotta.</span> 
     </span>
    </p>
   </div>
   <div class='ocr_carea' id='block_1_7' title="bbox 363 4920 577 4960">
    <p class='ocr_par' dir='ltr' id='par_1_9' title="bbox 363 4920 577 4960">
     <span class='ocr_line' id='line_1_35' title="bbox 363 4920 577 4960; baseline -0.009 0"><span class='ocrx_word' id='word_1_258' title='bbox 363 4921 399 4960; x_wconf 87' lang='lat' dir='ltr'>DE</span> <span class='ocrx_word' id='word_1_259' title='bbox 419 4920 577 4960; x_wconf 84' lang='lat' dir='ltr'>GOLDONIO.</span> 
     </span>
    </p>
   </div>
   <div class='ocr_carea' id='block_1_8' title="bbox 0 0 1798 5680">
    <p class='ocr_par' dir='ltr' id='par_1_10' title="bbox 0 0 1798 5680">
     <span class='ocr_line' id='line_1_36' title="bbox 0 0 1798 5680; baseline 0 1"><span class='ocrx_word' id='word_1_260' title='bbox 0 0 1798 5680; x_wconf 95' lang='lat' dir='ltr'> </span> 
     </span>
    </p>
   </div>
  </div>
 </body>
</html>
