3588 5680
333 634 373 700 72
507 635 550 680 DE
575 635 757 682 GOLDONIO
782 637 923 682 lTALlCAE
949 638 1069 684 SCAENAE
1093 638 1330 688 CORRECTORE.

332 794 458 859 semper
479 790 535 839 aut
556 771 751 856 humanum,
775 793 830 842 aut
859 794 1014 843 venetum
1043 778 1199 865 reperias;
1231 801 1308 846 nam
1335 779 1362 845 is
1386 777 1499 861 modo,

332 915 368 962 ut
383 896 526 986 plerique
540 899 606 985 ejus
620 899 721 966 aetatis
736 899 920 986 scriptores,
938 898 1119 981 unicolora,
1136 923 1195 968 nec
1211 902 1425 991 temporibus,
1441 925 1501 970 nec

332 1018 409 1085 locis
424 1018 594 1100 distinctis,
611 1021 727 1110 pingit,
745 1021 845 1089 modo
861 1041 970 1090 autem
986 1021 1136 1090 homines
1150 1023 1182 1090 vi
1197 1045 1326 1091 summa
1340 1025 1499 1111 vigentes,

332 1139 387 1208 sed
402 1141 436 1206 in
450 1143 612 1209 artissimo
627 1140 770 1232 quodam
786 1144 917 1226 circulo,
935 1144 1069 1233 profert.
1089 1145 1187 1212 Hunc
1201 1145 1299 1233 igitur
1310 1167 1402 1234 aequa
1411 1145 1501 1214 lance

329 1265 488 1353 pensitare
503 1288 571 1333 non
586 1267 702 1355 possis,
719 1269 779 1334 nisi
795 1269 882 1358 prius
904 1267 988 1336 illius
1005 1287 1136 1336 venetas
1159 1267 1338 1336 comoedias
1356 1270 1499 1351 noveris,

324 1411 461 1478 quarum
493 1389 665 1457 nonnullas
689 1391 756 1479 ipse
781 1417 797 1454 <r
822 1391 1123 1458 venezianissimea
1151 1391 1289 1480 appellat
1306 1403 1328 1458 ¹.
1355 1390 1496 1480 Culpam

327 1513 443 1598 ipsam,
456 1513 570 1600 saepius
584 1511 769 1594 admissam,
782 1536 857 1579 cum
872 1513 1069 1581 comoediam
1086 1515 1246 1601 corrigere
1261 1513 1370 1599 vellet,
1381 1513 1500 1582 talibus

331 1635 364 1702 in
379 1633 492 1700 fabulis
514 1636 592 1702 vitat
609 1660 616 1702 :
632 1635 676 1703 ibi
696 1637 784 1702 enim
803 1659 972 1725 nunquam
991 1636 1226 1704 declamantem
1242 1659 1318 1704 eum
1340 1637 1499 1717 invenias,

331 1756 386 1823 sed
410 1757 614 1824 honestatem
641 1759 710 1826 sine
736 1731 851 1842 taedio,
873 1759 1040 1827 veritatem
1064 1760 1133 1826 sine
1158 1759 1324 1848 ampullis,
1349 1777 1500 1828 naturam

331 1880 432 1968 ipsam
448 1881 638 1968 spirantem,
655 1879 893 1971 aliquandoque
908 1880 1079 1948 nudiorem
1094 1881 1145 1948 vel
1160 1881 1404 1970 simpliciorem,
1416 1903 1500 1948 sem·

332 2026 389 2092 per
411 2024 520 2071 autern
550 2006 708 2073 sinceram
732 2028 862 2072 cernere
891 2007 1007 2093 possis.
1035 2005 1085 2072 Eo
1113 2006 1215 2094 magis
1241 2028 1329 2088 sane,
1354 2004 1443 2094 quod
1462 2002 1500 2072 ad

333 2149 440 2194 mores
455 2128 677 2197 emendandos
693 2130 845 2218 pertinet,
860 2131 905 2196 sic
920 2127 1119 2216 proficimus.

488 2463 505 2554 §
520 2484 553 2549 4.
578 2504 610 2516 -
629 2464 680 2531 De
691 2463 820 2553 plebeiis
834 2463 996 2553 trogoediis
1011 2433 1225 2552 comeditque
1238 2465 1338 2531 seriis.

375 2714 574 2804 Quanquam
594 2715 689 2802 hujus
708 2713 799 2783 modi
821 2714 935 2782 fabulae
960 2712 1194 2781 comoediarum
1215 2711 1312 2780 titulo
1331 2713 1500 2802 designan-

280 2831 281 2836 '
329 2858 395 2922 tur,
413 2836 579 2905 nonnullae
593 2840 700 2928 potius
715 2839 806 2905 seriae
820 2858 896 2907 sunt
911 2858 1008 2928 atque
1021 2838 1067 2905 illi
1083 2839 1238 2927 proximae
1255 2838 1381 2926 generi,
1399 2835 1499 2926 quod,

329 2961 455 3028 decimo
471 2980 586 3029 octavo
602 2962 717 3029 saeculo
733 2962 873 3028 vicissim
890 2987 906 3025 «
924 2963 1035 3028 seria»
1056 2961 1108 3029 vel
1127 2987 1142 3024 «
1158 2959 1272 3028 flebilis
1288 2958 1450 3028 comoedia
1466 2985 1498 3042 a,

327 3103 380 3151 aut
399 3110 415 3146 (ι
431 3082 552 3172 plebeia
568 3084 722 3171 tragoedia
741 3111 757 3148 ›>
774 3103 928 3151 vocatum
942 3103 1002 3151 est.
1021 3083 1213 3167 Diderotus‚
1230 3103 1266 3150 ut
1280 3085 1400 3163 sciunt,
1418 3083 1500 3149 hanc

327 3209 509 3276 novitatem
535 3210 658 3296 primus
686 3207 848 3297 professus
876 3227 945 3291 est;
977 3205 1107 3296 quando
1131 3226 1240 3274 autem
1268 3208 1330 3275 tale
1359 3206 1444 3304 quid!
1467 3207 1500 3273 in

331 3351 440 3400 mente
459 3331 600 3399 humana
623 3351 734 3399 ortum
758 3351 823 3414 est,
848 3330 944 3398 simul
964 3331 1083 3420 ubique
1107 3331 1279 3412 evolvitur,
1305 3331 1389 3398 salva
1410 3329 1502 3397 diffe-

332 3458 434 3524 rentia
448 3480 519 3546 quae
532 3456 735 3544 singulorum
753 3457 898 3523 virorum
919 3453 969 3521 vel
987 3457 1136 3542 gentium
1157 3458 1299 3544 ipsarum
1321 3455 1414 3521 variis
1433 3473 1499 3520 stu·

332 3579 390 3646 diis
406 3600 545 3648 constat.

378 3704 563 3772 Diversiora
578 3705 665 3771 enim
684 3704 813 3792 ingenia
834 3726 933 3792 quam
954 3701 1102 3771 Dideroti
1123 3700 1344 3790 Goldoniique
1363 3703 1501 3789 reperire

333 3827 416 3893 haud
442 3826 532 3894 facile
561 3851 657 3917 queas
682 3852 689 3894 ε
718 3827 789 3908 ille,
813 3847 887 3894 ante
912 3828 1022 3894 omnia
1045 3825 1245 3915 speculator,
1271 3847 1387 3912 magna
1410 3825 1441 3890 vi
1463 3822 1503 3890 de

332 3953 578 4041 principiorum,
598 3974 665 4018 non
682 3975 808 4041 semper
823 3951 904 4018 bene
918 3969 1096 4032 certorum,
1112 3949 1353 4038 consequentiis
1369 3949 1501 4015 ratioci-

370 4245 393 4284 1.
415 4229 446 4281 In
461 4225 559 4280 fabulae
583 4227 730 4297 prooemio,
754 4227 798 4280 cui
820 4225 855 4278 Le
868 4225 949 4278 donne
970 4223 1051 4295 gelon
1070 4222 1173 4277 titulus.
1197 4222 1268 4285 Quae
1290 4221 1372 4292 hujus
1395 4223 1503 4291 generis

332 4318 450 4370 maxime
466 4315 556 4369 valent
569 4327 631 4369 sunt
646 4331 706 4385 quae
721 4315 815 4385 primae
831 4314 909 4367 editae
924 4312 1052 4366 fuerunt:
1072 4312 1110 4365 La
1120 4318 1196 4382 putta
1209 4316 1315 4363 onorata
1329 4321 1354 4362 et
1368 4310 1406 4362 La
1421 4309 1504 4362 buono

330 4405 423 4475 moglie
435 4405 539 4474 (1748).
557 4403 709 4457 Memorare
724 4404 807 4456 etiam
822 4402 923 4471 possim
938 4417 943 4453 :
961 4400 978 4453 l
987 4397 1149 4470 perlegaleqri
1160 4397 1223 4450 della
1235 4396 1317 4450 donne
1335 4397 1431 4466 (1751)
1440 4415 1447 4462 ;
1469 4397 1504 4450 Le

331 4494 411 4545 donne
423 4487 622 4563 gelose(1752);
638 4491 761 4544 Ledam
769 4490 798 4542 di
805 4505 860 4542 casa
869 4506 911 4542 soa
921 4489 1036 4558 (1755);
1052 4486 1322 4555 Lemassere(1755);
1339 4484 1503 4556 Ilcampiallo

332 4579 440 4649 (1756);
458 4580 474 4632 I
486 4580 623 4632 marbinosi
636 4578 745 4650 (1759);
760 4577 795 4630 Le
808 4577 905 4646 baruffa
917 4576 1041 4646 cbioqqote
1052 4573 1160 4644 (1760);
1176 4574 1215 4626 La
1229 4586 1284 4627 cusa
1297 4589 1381 4625 nuova
1391 4573 1500 4642 (1761);

333 4667 392 4722 Sior
407 4667 500 4721 Tadero
514 4667 652 4721 Brontolon
664 4666 777 4735 (1761);
792 4666 809 4718 Ι
820 4664 934 4735 rusteght'
946 4662 1056 4734 (176n;
1076 4663 1133 4717 Una
1147 4659 1209 4716 della
1218 4661 1308 4716 ultima
1317 4679 1368 4718 trra
1377 4662 1405 4716 di
1414 4677 1502 4716 carne-

334 4757 391 4811 vale
404 4756 507 4828 (1762).
