3600 5682
345 673 386 720 22
527 673 570 718 DE
595 661 776 716 Goloouto
801 670 944 717 ITALICAE
969 669 1088 716 SCAENAE
1112 670 1337 718 CORRECTORE

343 808 477 889 fabulas,
493 807 580 897 quod
597 806 637 875 ad
660 804 837 876 emendatae
856 805 1028 874 comoediae
1045 797 1234 875 contentum
1254 808 1383 891 attinet,
1401 826 1512 876 noster

344 951 507 1015 retractat,
522 949 559 998 ut
574 931 682 999 videre
697 932 791 999 estin
807 930 967 999 Ambobus
984 930 1123 1020 gemellis
1141 933 1255 997 venetis
1271 943 1294 1015 ¹,
1315 954 1386 1021 quae
1405 929 1511 999 fabula

324 1065 326 1070 ’
344 1057 387 1124 Τ.
406 1056 520 1123 Maccii
535 1073 568 1124 et
584 1054 744 1141 Regnatdi
757 1055 950 1122 Menechmos
960 1055 1118 1138 imitatur,
1131 1053 1298 1143 permultis
1308 1075 1416 1122 autem
1428 1057 1510 1122 mix·

346 1183 386 1248 tis
405 1179 514 1248 vultus
533 1179 677 1248 motibus
698 1201 733 1246 ac
752 1179 849 1246 vestis
868 1177 1060 1269 habitusque
1079 1155 1333 1263 mutationibu‘s,
1353 1197 1389 1246 ut
1408 1180 1509 1246 actori

344 1304 510 1394 quondam
526 1303 746 1385 celeberrimo,
759 1301 882 1370 Darbes
894 1302 1040 1384 nomine,
1054 1304 1181 1369 occasio
1193 1301 1323 1369 daretur
1335 1302 1509 1370 amborum

341 1427 478 1497 fratrum
503 1446 607 1516 partes
633 1428 771 1495 vicissim
796 1425 930 1514 agendi,
956 1427 1052 1492 unius
1077 1424 1204 1509 stolidi,
1227 1424 1357 1492 alterius
1377 1427 1509 1514 ingenio

341 1569 494 1643 prompto
510 1570 542 1620 et
557 1551 660 1618 alacri.
680 1551 745 1630 Sic,
763 1573 946 1640 quanquam
965 1550 998 1616 in
1017 1549 1126 1617 locum
1144 1548 1369 1638 extemporalis
1385 1572 1509 1618 comoe-

279 1683 282 1690 ’
342 1676 402 1742 diae
418 1675 552 1743 alteram
572 1676 737 1742 restituere
759 1673 903 1742 tentabat
924 1671 1120 1758 Goldonius,
1141 1691 1266 1740 veteres
1287 1691 1396 1740 tamen
1418 1677 1509 1762 jocos

343 1821 411 1865 non
435 1800 573 1868 omnino
596 1797 787 1894 omittebat:
816 1798 904 1887 quod
928 1796 1018 1865 facile
1040 1798 1209 1888 perspicies
1233 1805 1302 1866 nori
1325 1814 1453 1865 tantum
1475 1798 1509 1865 in

343 1924 550 2004 transitoriis,
577 1943 612 1991 ut
637 1924 682 1990 ita
702 1922 820 2004 dicam,
844 1921 975 2007 fabulis,
999 1945 1110 1989 verum
1133 1924 1230 1990 etiam
1253 1941 1285 1990 et
1302 1924 1336 1989 in
1360 1923 1408 1990 his
1432 1945 1509 2016 quas

343 2048 482 2114 maxima
503 2070 577 2119 cura
597 2045 837 2115 elaboraverit².

391 2286 460 2352 Etsi
480 2284 647 2352 moderata
665 2301 709 2367 et,
732 2283 896 2351 bonorum
917 2283 1059 2371 judicum
1080 2285 1251 2367 sententia,
1269 2283 1412 2351 timidior
1428 2284 1508 2351 Gol-

344 2410 435 2478 donii
450 2407 634 2475 emendatio
659 2406 763 2475 adhuc
788 2425 868 2487 erat,
889 2407 1100 2475 vehementer
1121 2408 1329 2474 intercessere
1355 2406 1392 2473 ab
1416 2409 1508 2475 omni

343 2553 433 2624 parte
453 2521 636 2600 adversarii.
658 2530 878 2620 Deplorabant
897 2547 1034 2612 actores,
1055 2531 1109 2620 qui
1128 2530 1213 2597 larva
1231 2554 1324 2618 agere
1345 2530 1505 2614 solebant,

343 2681 409 2724 sea
426 2655 592 2726 Goldonio
608 2653 772 2742 neglectos
787 2677 823 2721 ac
837 2677 927 2743 paene
941 2654 1095 2744 perditos,
1112 2674 1144 2721 et
1159 2652 1198 2722 ad
1208 2657 1328 2722 amicos
1338 2675 1507 2743 patronos·

269 2848 272 2854 ,
342 2806 405 2872 que
419 2780 637 2870 provocabant
647 2794 670 2850 ³.·
688 2781 824 2848 Novum
839 2779 1054 2869 odiosumque
1069 2779 1226 2846 timebant
1236 2780 1403 2847 memoriae
1419 2779 1507 2847 labo·

341 2906 701 2996 rem,atqueantiquam
713 2905 863 2970 artissuae
874 2903 1052 2971 libertatem
1068 2902 1231 2991 lugebant.
1246 2904 1314 2985 Qui
1326 2905 1505 2971 amantium

341 3048 445 3119 partes
469 3030 605 3116 agebant
631 3029 723 3118 (nam
745 3029 825 3094 seria
846 3028 1036 3117 plerumque
1060 3027 1109 3093 his
1128 3027 1319 3118 recitanda),
1340 3027 1454 3094 melius
1474 3051 1507 3094 se

340 3155 433 3221 novis
451 3155 545 3221 rebus
563 3151 853 3219 accommodabant
868 3175 964 3240 quam
982 3152 1109 3232 comici,
1131 3177 1146 3214 <t
1163 3152 1231 3218 sine
1246 3150 1353 3220 studio
1365 3152 1508 3221 enitendi

340 3278 466 3367 cupidi4
477 3303 508 3361 »,
525 3299 671 3366 quosque
685 3275 822 3343 taedebat
837 3275 952 3342 amissa
971 3273 1064 3342 solita
1081 3292 1271 3362 argumenta
1292 3276 1436 3365 speciose
1453 3298 1508 3342 va-

340 3404 442 3470 riandi
462 3401 605 3470 facultas.
631 3401 742 3490 ltaque
759 3400 807 3466 his
827 3399 974 3488 parcendi
993 3423 1099 3483 causa,
1120 3401 1238 3466 iterum
1258 3398 1296 3466 ad
1318 3390 1507 3467 derelictum

339 3550 441 3615 genus
460 3548 603 3592 reversus
627 3546 674 3592 est
698 3524 895 3607 Goldonius,
916 3523 1085 3614 eidemque
1106 3522 1197 3606 ludo,
1223 3525 1257 3590 in
1282 3548 1348 3614 quo
1374 3526 1509 3613 Prodigi

340 3649 483 3718 indolem
504 3650 657 3740 explicare
678 3666 854 3716 tentaverat
877 3648 967 3715 Duos
989 3661 1017 3714 et
1039 3648 1172 3734 triginta
1192 3649 1374 3716 Arlecchini
1396 3661 1505 3716 casus⁵

379 3945 403 3984 t.
422 3929 439 3981 Ι
451 3927 498 3980 due
511 3925 611 3998 gemelli
624 3929 765 3997 voneqioni.

376 4050 401 4087 2.
422 4034 485 4091 Vid.
507 4033 571 4105 quid
590 4033 698 4088 Grimm
722 4032 754 4088 de
776 4033 876 4086 Moroso
896 4033 998 4094 benefico
1021 4035 1072 4104 (Le
1097 4036 1201 4088 Bourru
1225 4034 1397 4106 bienfaisant)
1414 4036 1503 4089 dicat:

343 4143 356 4172 u
374 4123 419 4176 On
434 4139 574 4193 remarque
588 4121 654 4175 dans
667 4133 708 4174 cet
724 4138 843 4192 ouvrage
858 4120 1054 4194 l'hommeplos
1063 4123 1165 4176 habitur
1173 4124 1189 4176 d
1199 4123 1271 4192 faire
1280 4123 1319 4176 des
1332 4138 1436 4185 canovas
1446 4123 1507 4194 qu’a

341 4209 461 4264 detailler
470 4209 516 4263 des
530 4211 626 4280 pieces.
644 4231 658 4261 u
670 4209 908 4282 (Corrupondonce,
921 4211 963 4264 die
977 4227 1005 4279 15
1018 4212 1119 4264 mensis
1133 4211 1288 4263 novembris
1305 4210 1506 4281 1771).lisden1

339 4300 395 4354 fere
410 4300 492 4352 utitur
511 4299 598 4352 verbis
616 4299 804 4353 Bachaumont
822 4299 969 4368 (Me'moiros
985 4307 1080 4365 secreta,
1101 4300 1144 4353 die
1169 4314 1180 4366 5
1201 4302 1300 4354 mensis
1318 4317 1383 4356 nov,
1407 4302 1504 4371 1771):

343 4409 357 4439 u
377 4387 449 4442 C’est
468 4404 520 4442 une
538 4389 614 4459 piece
633 4387 698 4441 dans
716 4386 741 4440 le
761 4390 828 4458 gout
846 4387 879 4441 de
893 4387 973 4442 celles
988 4389 1033 4459 qui
1050 4400 1209 4458 composent
1224 4404 1274 4442 son
1290 4388 1403 4453 theatre,
1419 4389 1506 4460 plutdt

341 4494 378 4529 un
398 4492 508 4529 canevas
530 4473 612 4546 qu'un
627 4492 746 4546 ouvrage
761 4474 818 4541 fini,
835 4489 863 4529 et
875 4475 940 4529 dont
956 4475 995 4530 les
1008 4477 1150 4529 situations
1164 4493 1198 4530 ne
1211 4489 1272 4530 sont
1284 4475 1477 4548 qu’indiquees.
1490 4497 1504 4526 >s

380 4599 403 4653 3.
424 4583 566 4647 Momoires,
582 4595 601 4638 t.
619 4583 640 4648 Ι,
655 4599 682 4652 p.
701 4597 760 4652 334.

376 4703 403 4754 4.
425 4687 504 4754 Ibid„
518 4699 537 4743 t.
553 4689 600 4752 111,
616 4704 641 4757 p.
662 4703 703 4758 17·

348 4793 351 4800 ’
380 4811 403 4862 5.
424 4794 459 4847 Le
470 4794 600 4848 trentoduc
613 4793 741 4864 disgrozie
753 4793 781 4846 di
795 4792 954 4850 Arlecrhitw.
