3600 5682
561 646 731 703 QUANTUM
756 647 802 694 Ao
826 647 970 693 LITTERAS
994 645 1173 694 PERTINET.
1412 647 1450 714 37

284 812 376 857 mum
389 792 481 879 cujus
495 788 611 856 vitium
629 785 670 856 de
689 788 802 854 ceteris
822 785 1011 856 maledicere
1029 804 1089 854 est.
1113 785 1280 855 Candidus
1298 787 1395 856 simul
1413 811 1449 854 ac

282 914 425 998 callidus,
439 911 585 1001 garrulus
601 932 633 981 et
647 911 924 1004 mendaciloquus‚
940 911 1208 1003 prudentissimus
1222 914 1320 982 etiam
1335 913 1395 980 sub
1405 912 1448 982 le-

282 1042 388 1110 vitatis
398 1041 514 1128 specie,
531 1060 600 1107 non
613 1035 687 1106 aleis
701 1039 768 1128 ipse
781 1036 939 1129 indulget,
952 1036 1007 1107 sed
1019 1037 1097 1106 ludo
1108 1038 1293 1108 deditorum
1301 1035 1448 1110 fortunas

281 1166 339 1234 sibi
352 1166 488 1256 quaestui
502 1163 609 1232 vertit.
625 1163 842 1234 Rumusculos
850 1186 1025 1253 aucupans,
1036 1163 1087 1232 vel
1100 1165 1248 1247 minima,
1260 1187 1333 1254 quae
1342 1164 1445 1247 audit,

280 1289 477 1380 imaginandi
495 1292 752 1362 vitranslormat
771 1293 854 1361 etin
873 1312 984 1377 graves
1004 1311 1094 1357 casus
1118 1288 1219 1358 inflat.
1246 1289 1446 1382 Quanquam

279 1418 390 1504 lingua
404 1435 451 1484 est
465 1413 790 1502 maleficentissimos,
807 1415 897 1484 malis
912 1433 1019 1505 stupet
1034 1438 1105 1506 quae
1118 1412 1274 1506 loquendi
1289 1417 1446 1506 intempe-

280 1544 382 1611 rantia
405 1545 518 1612 ceteris
540 1541 667 1628 attulit3
690 1560 811 1611 secreta
834 1542 892 1610 sibi
914 1542 1085 1610 commissa
1108 1539 1229 1630 prodit,
1250 1538 1444 1610 sentinarum

277 1665 397 1735 famam
420 1666 556 1734 letaliter
580 1665 724 1752 laedens3
747 1658 922 1753 fugitivum
942 1687 1034 1734 reum
1058 1664 1322 1757 persequentibus
1344 1664 1444 1737 de'fert

280 1815 315 1860 ac
329 1815 363 1860 se
378 1790 510 1860 tandem
525 1791 564 1860 ab
580 1791 733 1860 omnibus
746 1793 903 1882 increpari
916 1793 1061 1861 miratur.

322 1918 449 1988 Stultus
469 1919 583 2001 etiam,
603 1917 658 1986 sed
675 1915 837 2005 gloriosus
856 1919 1049 2008 praesertim,
1070 1935 1200 2006 apparet
1222 1916 1389 1986 Heraclius
1410 1917 1443 1984 in

277 2043 394 2126 fabula,
411 2044 463 2111 cui
481 2043 680 2112 Fraudator¹
699 2042 812 2111 titulus
832 2063 892 2112 est.
910 2043 1013 2132 Cujus
1030 2041 1149 2110 familia
1167 2039 1312 2130 indiget3
1335 2043 1444 2111 uxoris
1481 2116 1484 2123 ,

276 2191 415 2256 gemmae
435 2170 564 2259 pignori
588 2167 670 2237 datae
691 2186 787 2252 sunt3
814 2167 983 2260 quomodo
1005 2167 1105 2236 filiam
1129 2185 1264 2257 nuptam
1287 2165 1444 2237 collocare

276 2295 390 2383 possit,
406 2294 591 2383 ambigitur.
610 2293 677 2363 Sibi
698 2293 909 2362 nihilominus
932 2293 971 2362 ab
994 2292 1144 2362 Heraclio
1166 2293 1360 2382 imperatore
1380 2295 1444 2360 ori-

275 2418 384 2503 ginem
408 2417 543 2506 probate
567 2420 693 2510 quaerit,
714 2440 854 2510 cumque
875 2420 1006 2508 triginta
1026 2435 1150 2506 septem
1170 2415 1301 2485 urbibus
1321 2439 1442 2486 nomen

277 2541 430 2610 Heraclea
447 2544 501 2625 sit,
526 2569 542 2607 α
563 2543 687 2612 Eraclio
706 2542 789 2632 degli
809 2541 957 2629 Eraclidi,
978 2560 1101 2632 septem
1120 2559 1152 2611 et
1165 2542 1297 2631 triginta
1310 2541 1439 2611 urbium

276 2663 428 2734 dominus
444 2693 477 2748 u,
493 2689 561 2736 sese
581 2667 730 2759 appellari
752 2667 901 2736 intendit.
924 2668 1004 2752 Quo
1024 2665 1118 2735 ludos
1138 2666 1289 2735 omnibus
1309 2668 1441 2755 praebet,

277 2815 336 2860 nec
350 2795 448 2862 etiam
463 2792 501 2861 ab
515 2815 629 2876 uxore,
643 2793 720 2877 filia,
735 2816 773 2861 ac
786 2793 959 2878 nebulone,
973 2795 1028 2884 qui
1043 2791 1182 2863 fabulam
1198 2793 1299 2879 ducit,
1316 2796 1441 2863 occasio

275 2915 337 2985 ulla
355 2918 611 3007 praetermittitur
622 2945 632 3002 3
650 2917 774 2988 facilior
792 2939 899 2989 tamen
918 2920 951 2987 in
971 2919 1030 2987 hac
1049 2942 1084 2986 re
1101 2941 1266 2988 successus
1286 2941 1385 3010 quam
1405 2938 1441 2988 ut
1519 2991 1522 2998 ,

273 3043 445 3132 spectatori
458 3041 548 3110 valde
564 3043 696 3133 placeat.

316 3299 427 3383 Quem
443 3303 469 3368 si
482 3301 630 3370 litterulis
643 3301 836 3391 gloriantem
851 3301 1005 3386 effeceris,
1025 3331 1042 3368 «
1059 3303 1246 3372 Fanaticum
1256 3315 1401 3394 poetam²
1418 3331 1434 3367 »

272 3423 414 3508 habebis,
438 3429 528 3516 cujus
554 3426 637 3496 aedes
659 3428 867 3496 declamitatis
891 3427 1084 3496 carminibus
1108 3430 1176 3496 sine
1200 3429 1438 3496 intermissione

272 3547 462 3618 redundant.
493 3550 700 3620 Academiam
728 3555 815 3620 enim
845 3552 1003 3637 condidit,
1032 3552 1195 3621 Arcadum
1219 3575 1323 3634 more,
1348 3553 1437 3641 cujus

271 3671 392 3741 sodales
407 3674 533 3742 lusoriis
548 3675 733 3743 nominibus
749 3674 968 3765 designantur.
981 3677 1101 3744 Versus
1112 3677 1332 3767 unusquisque
1347 3698 1437 3743 com·

270 3797 382 3885 ponit:
401 3799 584 3866 Petrarcam
599 3800 742 3869 Rosaura
756 3799 819 3868 filia
833 3801 995 3886 imitatur3
1010 3799 1166 3869 Octavius
1180 3813 1281 3889 pater,
1297 3801 1435 3869 vocabu·

269 3918 376 3988 lorum
391 3921 504 3989 indicis
518 3922 649 4006 auxilio,
665 3922 792 3992 heroica
802 3923 896 4011 fingit
907 3927 1068 4011 carmina3
1086 3947 1144 3992 nec
1159 3947 1269 3994 servus
1286 3926 1352 4015 ipse
1367 3927 1436 3994 Bri·

268 4042 372 4134 ghella
386 4047 573 4136 contagium
584 4049 721 4116 omnino
738 4046 861 4136 effugit.
877 4050 1031 4132 Quorum
1044 4050 1204 4140 quisquea
1214 4073 1247 4118 se
1258 4051 1435 4141 excogitata

269 4167 435 4254 declamat,
459 4195 531 4263 quae
551 4171 716 4240 dimidiam
738 4175 862 4242 circiter
886 4174 1055 4242 comoediae
1077 4192 1201 4264 partem
1223 4175 1371 4267 implent,
1399 4199 1435 4244 ac

269 4293 426 4364 chartulas
439 4297 611 4386 accipiunt,
632 4295 795 4387 dignitatis
810 4323 875 4368 suae
889 4299 1017 4382 indicia,
1037 4324 1056 4368 a
1070 4299 1293 4390 patrefamilias
1308 4300 1434 4390 largiter

269 4417 422 4508 profusas.

270 4604 481 4617 -n—-—-

305 4730 327 4770 1.
348 4713 413 4768 Don
426 4713 533 4769 Eraclio
548 4715 576 4770 in
589 4714 795 4788 Ilraggiratore.

303 4827 327 4868 2.
349 4810 456 4884 Ilpoeta
466 4812 589 4884 fanatico.
