3588 5680
503 658 548 706 DE
573 655 969 708 GOLDONIOGALLORUM
995 657 1199 707 turratotte.
1227 695 1230 698 Α
1377 657 1435 726 125

266 799 380 891 tuffam
401 800 465 888 jam
487 799 520 866 in
542 797 633 866 Italia
653 799 802 866 imitatus
823 817 890 868 etat
913 799 1073 888 Giglius¹‚
1097 799 1151 888 qui
1172 799 1254 866 hanc
1271 801 1439 867 materiam

266 925 301 992 in
319 921 437 1009 fabula,
453 924 505 992 cui
524 923 598 992 Don
619 924 768 992 Pirlone²
789 923 902 992 titulus
921 942 982 1011 est,
999 942 1200 994 tractaverat.
1219 924 1311 993 Idem
1331 941 1363 992 et
1385 948 1437 992 au-

266 1050 375 1119 dacter
397 1073 562 1140 aggressus
584 1067 631 1118 est
657 1048 856 1134 Goldonius,
880 1052 936 1141 qui
960 1049 1086 1139 pietatis
1110 1048 1293 1120 simulatori
1316 1072 1440 1119 nomen

202 1163 204 1170 ⁴
268 1175 434 1245 Pirlonem
449 1177 547 1245 etiarn
561 1174 746 1264 assignavit.
765 1175 845 1243 Haec
860 1193 972 1243 autem
990 1175 1186 1260 comoedia³,
1203 1175 1236 1242 in
1257 1198 1321 1266 qua
1338 1173 1438 1243 recol·

268 1300 358 1369 lectae
373 1318 450 1369 sunt
463 1298 600 1382 fabellae,
621 1321 693 1391 quae
709 1298 749 1368 de
763 1298 893 1369 Molieri
914 1301 979 1369 vita
995 1299 1221 1389 vulgabantur‚
1240 1301 1350 1390 potius
1366 1323 1440 1389 erga

269 1427 460 1516 magistrum
481 1424 520 1499 ab
543 1425 708 1493 imitatore
729 1444 760 1492 et
785 1424 918 1494 alumno
938 1425 1065 1514 pietatis
1088 1447 1186 1515 opus,
1215 1448 1312 1515 quam
1335 1423 1440 1493 fabula

269 1552 303 1618 in
327 1574 390 1641 qua
413 1549 609 1620 simulatoris
634 1549 761 1618 indoles
790 1551 973 1633 reviviscat,
999 1573 1068 1619 esse
1090 1548 1229 1618 videtur.
1257 1548 1440 1618 Occasione

270 1676 366 1745 etiam
377 1698 465 1758 usus,
478 1673 576 1743 simul
591 1693 622 1742 et
638 1672 824 1744 Goldonius
840 1676 1076 1744 correctionem
1093 1673 1247 1759 defendit,
1260 1698 1322 1767 qua
1335 1676 1440 1765 gentis

270 1821 334 1869 suae
348 1823 486 1869 scaenam
502 1798 673 1868 emendare
688 1817 878 1869 tentaverat.

314 1925 430 2015 Incipit
450 1926 535 1994 actio
555 1949 642 1993 anno
667 1927 762 2014 1667,
789 1925 869 1994 dum
892 1923 1004 1994 Galliae
1025 1947 1080 1994 rex
1105 1922 1289 1993 Ludovicus
1308 1944 1440 2016 quartus

270 2051 413 2120 decimus
432 2053 465 2119 in
487 2050 600 2141 Belgio
620 2051 790 2137 militabat,
807 2073 842 2119 ac
853 2049 973 2136 tabula,
990 2051 1041 2117 cui
1061 2071 1184 2117 nomen
1201 2049 1393 2118 Simulat0r⁴
1407 2051 1441 2118 in

270 2175 370 2245 dubio
393 2193 459 2244 erat
484 2195 520 2245 ut
544 2199 654 2244 coram
677 2175 800 2268 populo
824 2176 1021 2246 recitaretur.
1050 2173 1260 2266 Colloquitur
1285 2174 1442 2243 Molierus

271 2325 346 2370 cum
360 2300 508 2370 Leandro
523 2299 724 2392 (Chapelle)‚
747 2302 797 2369 cui
813 2325 847 2369 se
864 2299 1056 2391 impeditum
1076 2300 1297 2392 molestiisque
1316 2298 1443 2368 confec-

271 2445 343 2495 tum
357 2449 424 2494 esse
439 2425 576 2494 fatetur:
594 2448 704 2515 regem
729 2425 843 2514 legisse
862 2444 893 2494 et
912 2426 1063 2516 probasse
1086 2426 1284 2494 comoediam
1307 2425 1349 2493 ait
1366 2426 1442 2494 reci-

272 2551 440 2642 tandaeque
450 2550 612 2619 licentiam
624 2550 760 2636 dedisse,
772 2550 871 2620 verbo
882 2569 1023 2637 tantum,
1038 2551 1082 2618 ita
1096 2568 1133 2619 ut
1142 2548 1285 2638 judicum
1294 2573 1444 2641 suprema

272 2676 457 2745 Parisiensis
483 2677 582 2762 curia,
608 2699 649 2742 ne
676 2674 789 2744 eadem
816 2673 942 2767 publice
970 2693 1129 2764 ageretur,
1155 2673 1347 2742 interdicere
1374 2697 1443 2743 non

272 2799 484 2883 dubitaverit;
511 2801 620 2891 itaque
643 2823 661 2867 a
684 2798 824 2868 Moliero
848 2798 1014 2868 Valerium
1038 2798 1180 2890 (Baton)
1204 2796 1244 2865 ad
1266 2797 1442 2867 exercitum

272 2927 422 3011 missum,
438 2924 600 2994 licentiam
616 2947 737 2993 novam
752 2924 944 3014 petiturum,
962 2946 1103 3014 eumque
1118 2923 1251 3013 singulis
1267 2924 1443 3013 exspectari

273 3050 459 3119 momentis.
476 3051 646 3134 Quantam
663 3067 773 3119 autem
793 3049 1045 3119 sollicitudinem
1059 3067 1284 3141 quantumque
1301 3047 1360 3118 sibi
1375 3072 1442 3117 esse

272 3174 426 3260 laborem,
444 3193 480 3244 ut
495 3173 615 3244 difficili
630 3174 780 3263 domino,
795 3174 919 3268 populo
939 3174 1071 3261 scilicet,
1087 3172 1293 3260 satisfaciam,
1314 3174 1442 3263 ingrato

272 3323 346 3389 erga
369 3300 488 3382 virum,
513 3301 568 3391 qui
590 3323 729 3369 scaenam
751 3325 768 3369 a
790 3300 974 3370 scurrilibus
998 3301 1078 3391 jocis
1098 3298 1279 3367 liberaverit
1301 3316 1332 3366 et
1358 3322 1375 3366 a
1398 3296 1415 3365 f
1432 3338 1443 3350 -

272 3424 354 3493 bulis
368 3449 405 3494 ex
420 3426 597 3517 improviso
612 3427 764 3512 recitatis
782 3428 911 3517 ineptos
926 3443 1055 3494 tantum
1070 3422 1294 3492 delectaturis!
1314 3424 1356 3491 Se
1372 3441 1443 3491 tan·

273 3549 347 3618 dem
371 3550 437 3618 fere
464 3552 636 3642 poenitere,
661 3551 749 3643 quod
772 3549 895 3620 forensi
919 3550 1071 3633 orationi,
1095 3548 1258 3618 theatrum
1283 3547 1458 3634 culturus,

273 3743 487 3756 -ω--ηψι

312 3873 335 3920 t.
355 3863 498 3920 Girolamo
513 3865 587 3936 Gigli
601 3865 791 3938 (1660-1722).

309 3997 334 4037 2.
356 3983 382 4038 O
402 3984 428 4038 ll
440 3982 510 4054 salso
527 3983 688 4038 Bacchettone
705 3984 809 4055 (Lucae,-
828 3985 916 4055 1711).
933 3983 995 4039 Vid.
1019 3982 1134 4053 Tarluffe
1147 3990 1177 4035 an
1192 3979 1268 4036 ltalia
1283 3998 1298 4035 a
1311 3981 1335 4053 J.
1353 3981 1386 4036 de
1401 3978 1444 4036 Fi=

274 4062 339 4144 lippi
352 4071 400 4142 (Le
413 4071 565 4138 Molilrista,
584 4073 661 4141 1884,
677 4084 696 4131 t.
714 4073 762 4139 Vl,
778 4091 805 4145 p.
825 4089 871 4142 105
890 4073 970 4146 sqq.).

310 4203 334 4256 3.
356 4186 473 4254 Mollem,
488 4188 625 4244 comoedia
641 4189 759 4262 quinque
773 4188 876 4244 actibus
889 4206 920 4243 ac
935 4188 1055 4243 versibus
1069 4187 1231 4260 composita.

308 4317 335 4368 4.
355 4303 531 4376 L’imposteut.

311 4443 333 4497 5.
461 4449 475 4478 «
490 4429 536 4483 Un
550 4445 617 4482 uotn
632 4427 681 4482 che
696 4427 731 4482 ha
746 4426 764 4481 il
779 4443 845 4499 peso
860 4443 942 4498 grave
956 4427 982 4481 di
998 4427 1046 4480 dar
1061 4432 1164 4498 placere
1180 4425 1270 4491 altrui,

458 4509 522 4562 Non
542 4513 596 4580 pub
612 4510 635 4562 si
649 4508 806 4563 lietamente
823 4525 928 4580 passare
942 4509 950 4562 i
965 4507 1055 4578 giorni
1071 4507 1121 4561 sui.
1140 4527 1153 4556 u

310 4641 380 4706 Quae
394 4641 475 4695 verba
489 4653 584 4696 notam
599 4641 707 4697 Molieri
722 4643 884 4697 sententiam
897 4643 924 4696 in
935 4641 1099 4695 memoriam
1114 4651 1240 4693 revocant
1254 4657 1259 4691 :
1278 4659 1291 4688 r<
1304 4631 1377 4693 C'est
1393 4643 1445 4693 une

275 4731 384 4802 etrange
402 4732 547 4802 entreprise
569 4749 621 4803 que
640 4731 706 4787 celle
727 4733 760 4786 de
778 4730 844 4786 faire
863 4732 915 4785 rire
933 4730 971 4784 les
990 4729 1123 4782 honnetes
1136 4745 1213 4799 gens.
1231 4749 1244 4780 a
1266 4728 1399 4800 (Critiqae
1417 4729 1447 4782 de'

273 4805 365 4874 l'licolc
379 4820 420 4873 des
433 4819 556 4882 Femmas,
573 4823 652 4875 scene
669 4822 715 4891 7.)
