3600 5682
350 661 392 709 20
529 661 573 708 DE
598 660 779 710 GOLDONIO
805 661 946 708 lTALlCAE
970 662 1090 710 SCAENAE
1114 663 1338 712 CORRECTORE

347 801 475 868 Litteris
491 801 597 868 minus
615 801 711 868 etiam
730 803 882 889 suspectis
905 825 1001 892 quam
1021 801 1060 869 de
1079 802 1238 892 republica
1257 797 1509 873 administranda

347 924 576 1013 disputationes
595 942 649 992 aut
673 924 888 1014 philosophia,
904 926 1098 1009 Muratotio,
1116 926 1343 1009 Tiraboschio‚
1360 928 1510 1010 Quadrio

346 1049 386 1116 de
405 1048 499 1116 rebus
516 1048 674 1116 litterariis
699 1048 855 1117 scribendi
874 1049 968 1139 plane
990 1073 1139 1118 concessa
1157 1050 1217 1121 fuit
1238 1049 1382 1122 facultas.
1412 1053 1511 1120 Anno

350 1194 446 1260 1714,
471 1173 578 1261 Scipio
604 1172 760 1240 Mallaeius
785 1173 933 1262 Meropen
958 1172 1068 1256 edidit,
1093 1175 1128 1242 in
1152 1197 1214 1265 qua
1238 1176 1394 1263 tragoedia
1419 1198 1512 1243 amor

345 1299 453 1366 locum
473 1297 575 1366 ullum
598 1320 665 1366 non
687 1296 864 1383 obtinebat,
885 1321 924 1365 eo
947 1300 1017 1388 ipso
1042 1316 1188 1388 tempore
1212 1323 1277 1391 quo
1303 1300 1354 1368 hic
1378 1299 1510 1369 affectus

345 1423 423 1490 sexti
445 1422 561 1489 decimi
586 1421 692 1489 saeculi
712 1421 889 1488 insulsitate
906 1444 942 1488 ac
965 1423 1175 1510 pastoralibus
1197 1421 1293 1492 fatuis
1315 1425 1509 1492 carminibus

344 1570 445 1637 usque
460 1546 498 1614 ad
515 1569 678 1613 summam
693 1547 848 1634 ineptiam
868 1546 1091 1617 declinaverat.
1108 1549 1275 1616 Victorem
1295 1549 1477 1630 Allienum,
1492 1572 1510 1616 a

344 1694 409 1762 quo
430 1673 464 1738 iu
484 1670 665 1759 exemplum
683 1690 866 1760 assumptus
885 1689 946 1756 est,
961 1674 1120 1760 praecessit
1136 1672 1309 1757 Maffaeius;
1332 1673 1509 1762 Apostolus

343 1797 432 1862 Zeno
450 1819 485 1862 ac
509 1795 710 1863 Metastasius
731 1797 872 1862 carmina
895 1796 1041 1863 cantibus
1063 1796 1220 1880 ornanda,
1245 1797 1362 1887 quibus
1386 1821 1509 1865 nomen

344 1923 481 2009 «operas
492 1946 523 2002 n,
534 1921 663 1987 satiram
675 1920 833 2000 Fannius,
845 1919 973 1987 Castius
982 1919 1120 1988 fabulam
1129 1919 1226 1987 simul
1237 1921 1506 1990 emendaverunt.

342 2045 394 2112 Sic
413 2043 509 2112 flabat
524 2067 598 2111 aura
614 2042 774 2134 quaedam,
791 2067 854 2134 qua
882 2045 917 2110 in
932 2046 1056 2114 cunctis
1077 2045 1227 2114 humanae
1252 2045 1409 2120 doctrinae
1430 2071 1509 2137 pro-

340 2170 452 2236 vinciis
469 2169 579 2236 omnia
594 2166 847 2252 renovabantur,
863 2166 948 2234 haud
971 2191 1062 2236 secus
1083 2193 1118 2240 ac
1139 2170 1266 2238 divinus
1290 2193 1385 2262 super
1407 2171 1508 2240 undas

342 2295 482 2382 spiritus,
507 2292 661 2382 Italiaque
684 2315 701 2358 a
722 2292 803 2359 chao
828 2315 990 2380 emergere
1011 2292 1151 2382 parabat,
1177 2294 1231 2364 ubi
1255 2296 1396 2384 primum
1415 2318 1509 2362 novae

341 2439 402 2500 res,
423 2415 579 2483 fulmineo
604 2415 746 2508 quodam
769 2417 849 2500 ictu,
874 2417 906 2483 in
934 2415 1036 2484 Gallia
1058 2418 1188 2503 signum
1203 2417 1383 2518 dedissent.
1411 2420 1509 2488 Hunc

340 2561 417 2608 vcro
432 2539 573 2628 effugere
585 2538 762 2628 impulsum
781 2538 943 2607 comoedia
963 2531 1217 2631 nequibat,quae
1236 2564 1254 2607 a
1271 2539 1398 2610 duobus
1413 2565 1508 2610 reno·

338 2685 411 2733 vata
423 2666 498 2733 viris
513 2683 572 2746 est,
584 2665 716 2733 Venetis
730 2664 900 2748 ambobus,
914 2663 1081 2733 Goldonio
1097 2682 1128 2730 et
1145 2664 1266 2734 Carolo
1280 2665 1413 2734 Gozzi0.
1428 2667 1506 2734 Pos-

339 2792 452 2872 terior,
472 2809 598 2857 tantum
617 2790 785 2857 occasione
803 2789 886 2874 data,
908 2807 1003 2878 poeta
1025 2790 1085 2858 luit
1108 2788 1329 2880 Goldoniique
1355 2789 1505 2874 aemulus,

341 2917 429 3004 cujus
450 2912 663 2979 aemulationis
685 2935 778 2978 causa
798 2935 897 2979 novas
917 2910 1036 2982 fabulas
1058 2913 1138 2979 mira
1159 2913 1357 3002 imaginandi
1371 2914 1402 2980 vi
1417 2937 1506 2981 com·

341 3040 467 3130 posuit3
485 3037 519 3103 in
533 3035 595 3104 alio
610 3053 717 3102 autem
733 3037 807 3104 loco
822 3059 871 3103 res
884 3036 937 3103 illa
952 3056 1074 3125 agetur.

385 3163 463 3230 Non
478 3179 545 3228 tam
560 3159 658 3228 divite
672 3182 753 3226 vena
773 3157 977 3241 Goldonius3
999 3157 1123 3226 fidelius
1147 3177 1257 3226 autem
1282 3180 1429 3230 naturam
1453 3185 1505 3228 ve·

342 3309 479 3376 rumque
493 3301 698 3367 consecutus,
720 3273 763 3350 ¹de
782 3283 885 3352 italica
902 3306 1005 3350 scaena
1020 3281 1135 3350 melius
1149 3284 1282 3352 meritus
1298 3303 1359 3368 est,
1376 3308 1473 3375 quam
1488 3309 1505 3352 a

342 3412 520 3480 mimorum
535 3409 723 3477 scurrilitate
739 3408 871 3476 liberate
887 3410 1012 3493 statuit,
1032 3427 1068 3475 ut
1087 3409 1196 3497 patriae
1216 3427 1360 3476 exactam
1381 3432 1506 3477 correc-

341 3554 473 3627 tamque
494 3534 690 3603 comoediam
713 3532 813 3602 daret.
839 3532 1032 3599 Uberiorem
1054 3556 1237 3599 successum
1259 3532 1462 3616 obtinuisset,
1479 3536 1505 3602 si

342 3661 455 3730 melius
474 3677 620 3748 tempora
644 3658 812 3743 favissent3
835 3655 890 3724 sed
910 3679 956 3740 re,
979 3658 1126 3740 nomine,
1147 3659 1354 3750 patronisque
1380 3680 1503 3739 carens,

340 3787 463 3856 victum
482 3784 615 3854 cottidie
637 3805 791 3876 quaerere,
810 3781 971 3863 actoribus
995 3781 1270 3872 scaenicorumque
1287 3803 1425 3869 gregum
1445 3779 1504 3849 du·

342 3910 430 3978 cibus
449 3908 597 3989 blandiri,
620 3905 748 3974 vivendi
769 3928 876 3988 causa,
894 3925 1038 3989 coactus,
1063 3904 1147 3996 plebi
1164 3905 1303 3996 denique
1323 3903 1502 3991 indulgere,

341 4034 430 4122 cujus
444 4034 477 4102 in
493 4033 618 4102 theatro
632 4031 811 4120 frequentia
830 4028 953 4098 loculos
973 4028 1169 4118 complebat,
1190 4031 1259 4096 voti
1281 4051 1416 4117 compos
1435 4051 1502 4096 non

339 4159 479 4242 ,omnino
500 4155 572 4228 fuit.
597 4155 741 4222 Multum
759 4173 867 4222 tamen
889 4172 920 4220 et
941 4175 1009 4220 non
1029 4151 1249 4242 spernendum
1269 4152 1349 4219 mihi
1368 4151 1501 4241 quidem

341 4282 467 4350 videtur
485 4278 563 4351 illud
586 4303 667 4372 opus
687 4302 762 4346 eum
784 4300 969 4366 aggressum
990 4299 1071 4360 esse,
1093 4299 1142 4360 ac,
1162 4299 1350 4366 quanquam
1373 4298 1441 4342 non
1464 4299 1503 4343 ex

337 4382 498 4476 vsententia
518 4424 588 4473 tota
606 4403 768 4486 successit,
788 4401 860 4491 plus
884 4425 981 4492 quam
1005 4402 1206 4468 mentionem
1231 4400 1270 4467 de
1294 4400 1349 4468 illo
1370 4400 1439 4467 lieri
1466 4403 1500 4468 in

250 4511 251 4514 Ἴ
336 4501 517 4599 italicarum
541 4531 718 4598 litterarum
743 4527 875 4594 historia
896 4550 1026 4616 aequum
1048 4545 1094 4593 est
1113 4549 1120 4592 :
1143 4527 1246 4614 spatio
1266 4524 1326 4592 fuit
1346 4524 1501 4612 ampliore

341 4656 470 4743 dignus.
