3588 5680
545 637 590 684 DE
615 637 795 686 GOLDONlO
822 637 975 686 LUTETIAE
1000 639 1174 686 notantes
1382 639 1440 706 105

277 777 340 842 tius
351 775 530 863 acciperent
536 803 546 860 ;
565 774 761 844 celeberrimi
775 799 852 843 vero
868 777 930 844 loci
944 777 1191 865 amplitudinem
1208 779 1355 862 miratus,
1375 780 1443 866 pri-

277 921 349 966 mos
366 917 440 987 post
458 897 640 966 adventurn
650 899 718 966 dies
734 900 767 966 in
783 901 910 968 Lutetia
924 899 1090 967 invisenda
1105 903 1320 990 consumpsit,
1337 909 1444 968 noves

277 1045 384 1090 mores
407 1021 581 1090 observans
597 1023 875 1113 *frequentansque
899 1023 1034 1108 theatra,-
1057 1025 1179 1114 populo
1204 1024 1281 1113 quid
1304 1025 1442 1114 placeret

276 1145 553 1214 animadvertendi
568 1170 671 1214 causa.

322 1271 520 1359 Quanquam
532 1288 642 1338 autem
652 1268 805 1338 ambabus
819 1272 853 1336 in
867 1294 966 1339 unam
983 1273 1164 1360 conjunctis
1180 1273 1291 1338 scaenis
1306 1293 1443 1360 magnus

275 1393 367 1461 lavor
390 1407 490 1476 erat¹,
513 1394 628 1483 quibus
652 1392 763 1462 diebus
786 1393 882 1461 italici
904 1395 1039 1463 comaedi
1069 1393 1188 1462 fabulas
1216 1394 1277 1462 soli
1306 1393 1444 1482 agebant

276 1518 411 1585 minime
430 1518 580 1608 frequens
603 1535 670 1586 erat
690 1531 895 1600 consessus²,
916 1518 1130 1609 dicebantque
1155 1517 1324 1587 nonnulli³
1348 1541 1443 1607 pecu-

277 1643 377 1722 niam,
395 1665 507 1731 quam,
523 1662 617 1730 pacto
633 1661 808 1724 convento,
829 1642 1013 1710 Goldonius
1024 1662 1211 1733 accepturus
1225 1662 1322 1728 esset,
1339 1641 1448 1731 perdi·¹
1478 1655 1480 1658 ’

277 1783 344 1833 tam
359 1764 444 1849 fore;
462 1789 538 1833 narn
553 1769 609 1857 qui
624 1767 730 1835 italico
746 1789 896 1834 sermone
909 1766 1105 1836 familiariter
1119 1769 1167 1836 uti
1180 1786 1312 1856 possent
1317 1769 1451 1853 ,'ratio·'

278 1912 326 1957 res
341 1913 408 1958 esse
424 1913 522 1979 quam
536 1891 618 1958 utin
633 1890 760 1958 theatro
774 1891 952 1982 frequentia
966 1891 1070 1974 fieret,
1085 1910 1355 1981 spectatoresque,
1368 1891 1443 1982 quid

276 2013 419 2082 valerent
433 2033 569 2097 actores,
587 2037 654 2082 non
669 2018 743 2082 satis
764 2015 953 2103 intelligere,
979 2039 1054 2082 cum
1077 2015 1122 2082 illi
1135 2014 1237 2083 aliena
1251 2015 1360 2102 lingua
1375 2037 1443 2081 ser-

277 2139 529 2206 mocinarentur.
552 2139 621 2222 Qui
643 2156 753 2206 autem
775 2138 943 2221 callebant,
967 2163 1017 2207 res
1036 2139 1098 2207 illis
1122 2162 1190 2206 non
1213 2139 1318 2206 multo
1343 2140 1444 2226 magis

278 2261 437 2350 placebat,
462 2283 538 2328 nam
562 2262 596 2328 in
619 2261 721 2330 Gallia
744 2265 880 2354 morati,
907 2262 962 2330 ubi
986 2281 1017 2330 et
1039 2261 1189 2331 nonnulli
1213 2263 1280 2330 nati
1302 2261 1442 2346 fuerant,

278 2384 348 2452 Itali
364 2387 466 2474 patrio
480 2408 632 2453 sermone
647 2391 678 2453 et
694 2385 852 2454 cantilena
871 2407 960 2455 erant
975 2386 1111 2470 desueti,
1129 2386 1367 2477 mirabaturque
1384 2408 1445 2474 pro

277 2527 367 2597 parte
395 2508 580 2576 Goldonius
608 2509 775 2599 populares
804 2533 880 2578 suos
910 2512 1145 2601 extemporales
1169 2511 1289 2578 fabulas
1315 2530 1443 2579 tanturn

278 2635 409 2700 recitare
424 2633 567 2723 ejusdem
582 2635 708 2720 generis
724 2633 813 2724 quod
829 2637 896 2724 ipse
912 2635 945 2702 in
966 2635 1055 2702 Italia
1075 2637 1276 2717 correxisset,
1294 2653 1326 2702 et
1342 2635 1444 2702 obso-

277 2755 378 2824 letum
394 2756 519 2824 dicendi
540 2756 678 2824 modum
698 2759 731 2824 in
755 2780 791 2824 ea
812 2757 890 2825 urbe
912 2781 1049 2841 servare,
1067 2781 1138 2848 quae
1160 2759 1275 2826 ceteris
1290 2757 1442 2846 gentibus

276 2881 402 2949 delicati
415 2881 524 2971 judicii
540 2881 725 2970 exemplum
740 2901 832 2951 esset.

319 3006 399 3074 Non
414 3006 482 3072 sine
496 3004 600 3074 multo
615 3005 724 3074 labore
737 3005 776 3074 ad
791 3030 882 3075 suant
897 3007 1090 3075 sententiam
1109 3028 1165 3074 eos
1188 3005 1305 3073 ducere
1326 3005 1442 3088 valuit,

277 3152 417 3219 quorum
433 3129 484 3198 alii
498 3130 622 3220 scriptis
635 3128 761 3212 sabulis,
780 3130 831 3197 alii
845 3154 884 3197 ex
902 3133 1078 3220 improviso
1094 3132 1231 3199 recitatis
1243 3131 1344 3216 magis
1355 3127 1439 3196 fave·

277 3252 384 3339 bant⁴,
410 3253 613 3345 concilioque
638 3256 734 3336 inito,
762 3256 797 3336 in
820 3278 885 3344 quo
908 3274 1001 3345 poeta
1023 3255 1176 3324 dedecere
1200 3252 1341 3321 ostendit
1365 3276 1443 3320 auc-

278 3396 383 3445 torem
403 3378 636 3467 spectatoribus
658 3353 789 3468 praeberi
812 3403 947 3464 novum,
969 3380 1098 3466 dialogo
1123 3401 1191 3447 non
1216 3379 1349 3467 scripto,
1374 3395 1445 3444 tan-

278 3502 352 3569 dem
373 3501 534 3570 emendati
556 3504 681 3589 generis
703 3503 865 3571 comoedia
883 3527 951 3570 rern
971 3505 1067 3594 incipi
1089 3502 1218 3591 placuit,
1242 3502 1293 3569 cui
1309 3500 1440 3568 titulus:

278 3627 430 3693 Paternus
443 3648 532 3693 amor
542 3639 564 3694 ⁵.
579 3628 649 3696 Nec
659 3625 770 3695 fefellit
789 3627 856 3694 haec
875 3627 978 3695 fabula
993 3627 1139 3694 acerrimi
1153 3629 1161 3715 j
1167 3625 1261 3694 udicii
1277 3625 1438 3705 criticum,

279 3752 346 3839 qui,
359 3752 419 3817 etsi
430 3753 628 3839 peregrinus,
640 3769 674 3818 ut
686 3751 882 3834 Goldonius,
893 3770 971 3833 erat,
984 3751 1089 3820 multo
1101 3751 1215 3818 melius
1230 3749 1328 3838 quam
1343 3770 1440 3815 vene-

279 3892 329 3942 tus
345 3894 441 3963 poeta
453 3873 567 3963 gallico
583 3898 733 3943 sermone
748 3876 908 3944 utebatur.
922 3874 1139 3964 Reprehendit
1154 3875 1241 3942 eninr
1259 3873 1441 3941 Grimmius

278 3997 415 4087 plurima
433 3999 571 4065 nimium
591 3999 727 4066 demissa
740 3999 822 4080 loca,
839 3998 973 4066 insulsas
987 4000 1019 4065 in
1037 3999 1174 4066 Lutetiae
1187 3997 1346 4088 populum
1362 3996 1441 4065 adu·

279 4121 414 4189 lationes
429 4099 637 4212 scurrilesque
651 4123 740 4209 jocos
757 4139 963 4189 monstruose
978 4121 1155 4205 affectibus,
1172 4122 1287 4210 quibus
1308 4143 1443 4188 moven-

319 4396 339 4434 1.
362 4377 557 4443 Bachaurnont‚
573 4379 705 4430 Mimoires
719 4386 814 4442 εισι-εις,
829 4379 872 4432 die
887 4381 919 4433 28
935 4381 1034 4433 mensis
1049 4379 1175 4434 februarii
1195 4379 1270 4448 1762.

316 4491 340 4530 2.
363 4472 493 4541 Goldoni‚
508 4474 651 4539 Mamoiras,
667 4486 685 4530 t¹
703 4476 751 4540 III,
768 4493 793 4544 p.
815 4475 855 4532 16.

319 4586 341 4637 3.
363 4571 480 4636 Grimm,
498 4571 713 4642 Correspondance
728 4572 859 4628 litteraira.
878 4573 927 4629 Ed.
942 4573 1098 4640 Tourneurr,
1116 4586 1133 4629 t.
1152 4573 1186 4638 V,
1207 4590 1232 4643 p.
1252 4571 1312 4642 276.

316 4682 341 4732 4.
364 4667 507 4731 Mlmoiras,
523 4679 542 4724 t,
559 4669 607 4734 Ill,
624 4685 649 4740 p,
668 4667 709 4724 16.

288 4826 292 4838 ι
320 4780 342 4830 5.
364 4764 466 4816 L’amor
476 4770 580 4833 paterno
595 4765 652 4817 osia
667 4765 704 4818 La
718 4781 788 4818 serva
802 4767 978 4822 riconoscenle.
