3588 5680
924 1149 971 1218 Vl

539 1425 617 1480 QUAE
641 1425 717 1472 SINT
741 1424 919 1472 PRAECIPUAE
944 1424 1174 1472 GOLDONIANAE
1198 1425 1356 1472 PERSONAE

866 1993 907 2034 DE
933 1991 1020 2036 vtltrs.

404 2177 576 2268 Plerasque
588 2177 799 2266 goldonianas
814 2199 967 2268 personas
980 2180 1044 2266 jam
1060 2179 1225 2261 novimus,
1241 2178 1369 2271 quibus,
1387 2181 1528 2268 antiquis

359 2301 584 2390 extemporalis
598 2301 770 2368 comoediae
786 2299 972 2368 nominibus
995 2304 1140 2384 servatis,
1158 2326 1245 2370 nova
1262 2297 1388 2370 indoles
1408 2302 1529 2371 tributa

359 2443 419 2492 est.
439 2424 487 2491 Ita
506 2423 655 2506 Pantalo‚
670 2445 806 2492 venetus
821 2444 995 2508 mercator,
1011 2427 1067 2515 qui
1082 2443 1175 2496 antea
1191 2425 1343 2494 ridiculus
1361 2448 1533 2493 morosus-

358 2571 422 2638 que
435 2571 531 2616 senex
545 2571 685 2637 persaepe
699 2568 780 2632 erat,
794 2526 830 2615 in
841 2549 1007 2616 nonnullis
1021 2547 1136 2616 fabulis
1149 2550 1277 2616 animos
1288 2567 1414 2632 movet,
1427 2548 1531 2616 admi·

358 2675 483 2742 ratione
497 2675 600 2740 immo
615 2674 730 2762 dignus
746 2693 804 2741 est.
823 2675 875 2741 De
895 2674 950 2742 illo
966 2692 1052 2744 ,tunc
1072 2672 1160 2741 idern
1184 2674 1247 2741 dici
1270 2693 1377 2762 potest
1401 2672 1489 2763 quod
1509 2696 1527 2740 a

357 2796 471 2865 flacco
487 2800 521 2864 in
535 2796 743 2866 celeberrimo
759 2820 876 2866 versu:

595 2975 748 3056 lratusque
763 2972 908 3033 Chremes
922 2973 1038 3035 tumido
1054 2973 1187 3054 delitigat
1201 2993 1265 3035 ore.
1353 2997 1357 3018 ¹

401 3156 595 3244 Exemplum
615 3155 725 3223 afferre
747 3158 870 3246 possim
893 3156 1191 3240 Bonamuxorem¹,
1213 3157 1344 3247 inqua,
1368 3180 1445 3224 cum
1469 3156 1527 3224 lilii

354 3282 549 3368 flagitiosam
563 3282 664 3348 vitam
679 3279 835 3347 audiverit
850 3280 999 3360 Panta10,
1015 3279 1054 3346 ad
1068 3279 1308 3348 adulescentem
1324 3302 1400 3347 cum
1414 3282 1526 3348 amicis

354 3422 581 3494 perpotantem
594 3405 658 3471 acri
669 3426 748 3471 voce
762 3403 995 3493 increpandum
1005 3404 1094 3471 venit
1110 3421 1142 3470 et
1156 3403 1201 3469 sic
1211 3385 1356 3493 loquitur
1367 3422 1403 3470 ut
1419 3427 1436 3470 a
1448 3403 1526 3470 Vol-

355 3530 437 3596 tario
453 3526 657 3594 Goldonium
674 3546 827 3594 anaturae
840 3525 945 3593 filium
959 3552 976 3589 ›>
994 3549 1069 3592 vere
1084 3525 1280 3615 appellatum
1300 3524 1526 3593 confitendum

355 3654 415 3735 sit3
434 3653 642 3741 quantumvis
657 3653 745 3718 enim
764 3649 859 3717 validi
875 3651 938 3716 sint
960 3648 1104 3730 allectus,
1123 3671 1192 3716 non
1207 3647 1391 3717 declamitat
1409 3648 1520 3732 heros,

355 3796 392 3845 ut
405 3775 555 3844 Dideroti
574 3802 590 3840 o
608 3773 837 3842 Paterfamilias
854 3798 891 3859 »3
915 3771 995 3839 nihil
1014 3772 1120 3856 nimii,
1136 3772 1217 3839 nihil
1237 3770 1375 3839 affectati
1390 3773 1425 3838 in
1440 3770 1525 3839 illius

354 3900 458 3969 verbis
471 3901 629 3984 invenias,
644 3920 754 3966 veram
774 3916 883 3964 autem
897 3896 1132 3986 eloquentiam,
1150 3919 1168 3963 e
1186 3889 1317 3984 pectore
1332 3913 1524 3986 proruptam

354 4025 557 4116 pectorisque
571 4024 657 4089 viam
673 4022 754 4111 apud
771 4021 939 4089 audientes
954 4019 1044 4088 facile
1060 4020 1284 4110 reperientem.
1326 4029 1327 4034 ’

397 4151 468 4217 Nec
484 4171 553 4216 rara
567 4166 642 4215 sunt
658 4147 731 4215 talia
746 4145 903 4234 exempla,
919 4168 1059 4235 cumque
1081 4145 1179 4211 etiam
1199 4144 1332 4212 Pantalo
1349 4145 1525 4234 praecipuas

353 4293 458 4364 partes
485 4296 553 4340 non
580 4290 685 4353 tenet,
714 4271 888 4360 saepissime
916 4293 992 4336 eum
1020 4269 1163 4336 invenias
1191 4266 1349 4358 probum,
1376 4265 1523 4349 facilem,
1603 4269 1606 4275 ’

353 4398 494 4488 peritum
522 4414 750 4478 mercatorem,
774 4393 912 4475 bonum,
941 4415 1126 4485 quanquam
1149 4391 1313 4459 interdurn
1337 4390 1524 4457 molliorem

353 4540 492 4610 patrem,
517 4519 650 4588 tutelam
675 4518 874 4584 exactissime
891 4535 1073 4604 gerentem,
1093 4515 1248 4604 proximis
1267 4535 1524 4594 succurrentem,

392 4801 414 4837 1.
432 4784 470 4836 Lu
490 4783 571 4836 baana
585 4780 687 4851 moglia,
702 4791 752 4834 act.
773 4779 807 4846 ll,
825 4795 861 4834 sc.
883 4795 906 4847 5.
