3600 5682
492 643 535 690 DE
559 641 697 689 1TnL1co
720 641 880 689 ‘theatro
904 639 993 687 ANTE
1018 635 1240 686 Gotootttulr.
1404 641 1442 703 17

284 785 350 874 ipsa
365 783 443 851 urbe
457 781 612 850 oriundus
626 800 705 863 erat,
723 783 974 869 Romanumque
983 778 1083 846 Tusci
1095 777 1269 866 hospitem,
1281 778 1443 846 Venetnm

285 909 502 999 Neapolitani,
518 909 671 996 Ligurem
687 906 814 974 Calabri
828 927 887 994 pro
903 906 994 971 novis
1008 903 1153 970 moribus
1169 903 1366 971 deridebant.

329 1035 431 1102 Larva
447 1053 555 1102 toturn
569 1034 686 1101 actoris
700 1031 842 1114 vultum,
858 1048 913 1098 aut
927 1028 1092 1097 dimidiam
1104 1030 1217 1096 saltem
1228 1031 1292 1096 oris
1306 1048 1443 1118 partem,

286 1159 460 1248 operiebat,
477 1167 568 1225 mor‘e
588 1149 826 1246 antiquissimo,
848 1177 884 1221 ac
903 1152 1133 1242 spectatoribus
1154 1153 1217 1220 hoc
1238 1152 1337 1221 modo
1356 1154 1447 1222 facile

285 1305 458 1371 agnoscere
478 1281 592 1364 licebat
618 1303 695 1372 quas
719 1297 801 1347 esset
824 1295 928 1368 partes
953 1275 1152 1344 defensurus.
1185 1275 1307 1344 Eadem
1337 1297 1445 1346 autem

285 1431 377 1474 causa
392 1405 487 1474 fiebat
504 1425 539 1473 ut
552 1404 683 1472 facultas
697 1402 908 1492 pernoscendi
923 1425 962 1468 ex
982 1401 1096 1484 oculis,
1112 1400 1232 1483 fronte,
1246 1401 1354 1470 vultus
1374 1425 1446 1470 mo·

201 1519 203 1526 ¹
286 1531 370 1598 tibus
390 1553 497 1597 mores
518 1529 712 1618 naturasque
733 1527 907 1595 hominum
931 1525 1108 1594 tolleretur.
1134 1525 1246 1615 Itaque
1267 1527 1335 1592 sine
1361 1525 1446 1594 larva

284 1655 412 1723 feminae
432 1637 620 1743 plerumque
643 1652 792 1740 agebant,
814 1673 855 1717 ne
874 1649 1029 1738 obnuptae
1049 1652 1225 1718 venustatis
1250 1649 1447 1718 desiderium

285 1779 512 1868 relinquerent.
531 1779 700 1860 Praeterea,
718 1776 805 1842 hunc
818 1798 930 1842 sexum
949 1775 1028 1842 nihil
1045 1774 1135 1842 decet
1156 1774 1293 1858 ridiculi,
1312 1798 1447 1864 praeser-

287 1905 347 1971 tim
361 1925 437 1969 cum
450 1901 489 1969 ad
504 1920 645 1968 extrema
656 1923 705 1967 res
720 1899 861 1981 ducitur,
877 1897 966 1988 quod
979 1898 1170 1988 plerumque
1183 1900 1217 1965 in
1231 1925 1247 1962 u
1265 1899 1448 1967 commedia

287 2026 359 2094 dell'
386 2044 454 2093 arte
482 2052 498 2090 n
528 2024 635 2094 fiebat.
667 2025 746 2106 Quo
775 2023 948 2112 explicatur
977 2047 1075 2112 quam
1102 2045 1180 2090 rarae
1208 2023 1272 2090 sint
1301 2021 1449 2090 femineae

289 2176 306 2214 rr
329 2150 491 2218 maschere
514 2175 530 2212 a
541 2161 550 2189 ¹
558 2175 568 2232 ;
585 2151 619 2216 in
632 2146 835 2235 goldonianis
850 2148 945 2214 etiam
961 2146 1075 2215 fabulis
1089 2147 1293 2235 paucissimas
1307 2145 1444 2214 femina-

287 2298 359 2342 rum
374 2293 478 2364 partes
492 2276 647 2353 invenias,
663 2272 802 2339 scilicet:
823 2273 993 2359 virginem,
1009 2269 1157 2339 festivam
1172 2271 1353 2354 mulierem,
1378 2295 1446 2338 ma·

288 2417 370 2466 trem
385 2417 440 2466 aut
453 2400 624 2480 nutricem,
642 2397 758 2486 quibus
773 2420 877 2464 carere
892 2419 940 2463 tes
956 2396 1076 2483 agenda
1092 2397 1230 2464 omnino
1246 2419 1315 2463 non
1325 2415 1444 2486 potest.

332 2619 500 2707 Exponere
521 2619 642 2685 tentavi
664 2618 780 2707 quibus
808 2619 944 2705 viguerit
967 2617 1207 2686 conditionibus
1234 2618 1301 2684 haec
1326 2645 1342 2682 rr
1358 2642 1448 2686 com-

289 2743 392 2810 media
408 2742 480 2811 dell'
497 2761 564 2809 arte
581 2769 612 2825 n,
636 2743 687 2809 cui
706 2765 806 2831 prope
829 2741 869 2809 ad
888 2740 987 2809 finem
1011 2744 1116 2809 octavi
1141 2742 1257 2809 decimi
1273 2762 1347 2832 post
1364 2743 1447 2813 Chr.

289 2867 394 2936 saeculi
409 2866 479 2934 Itali
497 2885 667 2955 tantopere
686 2864 833 2934 faverunt
844 2894 854 2951 ;
877 2867 935 2933 hac
954 2865 1086 2956 quidem
1106 2885 1198 2933 aetate
1222 2865 1283 2935 labi
1302 2868 1366 2934 visa
1387 2888 1447 2951 est,

290 3010 325 3058 ut
341 3015 417 3058 mox
431 3014 563 3080 prorsus
578 2989 769 3059 aboleretur.
790 2991 829 3056 L.
846 2990 973 3072 Carrer,
992 2991 1047 3080 qui
1068 2989 1225 3058 Goldonii
1243 2993 1344 3059 vitam
1363 3016 1449 3063 anno

294 3119 372 3202 1825
395 3111 518 3203 scripsit
528 3125 551 3196 ²,
573 3113 605 3181 id
624 3114 804 3183 fabularum
824 3137 928 3202 genus
952 3137 1012 3182 suo
1036 3133 1181 3201 tempore
1203 3117 1331 3204 penitus
1354 3117 1449 3185 obso-

290 3241 390 3308 letum
410 3263 477 3306 esse
490 3238 597 3322 refert,
619 3261 804 3328 quanquam
822 3238 972 3306 nonnulli
991 3261 1029 3304 ex
1047 3239 1221 3328 aequalibus
1241 3241 1307 3306 suis
1321 3240 1449 3308 easdem

289 3365 476 3454 spectavisse
494 3364 701 3431 meminerint
714 3376 737 3431 ³.
756 3364 826 3430 Hac
839 3362 905 3430 fere
922 3381 1124 3452 tempestate,
1149 3363 1296 3431 eamdem
1310 3364 1450 3434 oblivio·

291 3511 365 3555 nem
380 3489 589 3578 conqueritur
603 3487 809 3571 Stendhalus‚
830 3489 898 3577 qui,
921 3512 996 3555 cum
1010 3488 1155 3554 Veneriis
1175 3487 1292 3576 hospes
1310 3512 1450 3557 versare·

291 3593 357 3694 tur,
375 3638 391 3675 «
407 3613 539 3679 Zairam
556 3636 572 3674 n
588 3613 622 3682 in
637 3611 779 3679 italicum
795 3635 981 3679 sermonem
1001 3613 1200 3694 translatam,
1218 3631 1272 3679 aut
1294 3611 1450 3682 Goldonii

294 3762 310 3799 rr
325 3735 490 3824 Zelotypus
499 3736 637 3824 seminas
652 3762 669 3798 »
694 3735 877 3817 omittebat,
899 3753 936 3802 ut
953 3737 987 3802 in
1003 3736 1110 3803 Sancti
1126 3737 1227 3803 Marci
1240 3738 1361 3819 fotum,
1378 3757 1452 3805 ante

227 3861 229 3870 ’
291 3859 473 3927 Pulcinellae
496 3860 671 3945 theatrum,
695 3860 861 3949 paululum
886 3861 1018 3944 risurus,
1043 3861 1207 3930 deveniret
1221 3874 1246 3929 ⁴.
1273 3861 1452 3932 Letiferum

329 4122 353 4162 r.
371 4105 493 4159 Italicum
517 4105 630 4160 verbum
654 4125 668 4156 a
684 4105 823 4161 maschera
837 4127 852 4158 >a
876 4107 1034 4180 plerumque
1053 4119 1172 4163 actorem
1195 4107 1338 4182 significat,
1365 4122 1394 4166 ut
1414 4112 1454 4166 la-

293 4195 347 4248 tine
356 4203 472 4266 persona,
487 4210 575 4265 gtaece
588 4192 733 4264 πρόσωπον.

327 4317 353 4356 2.
377 4301 436 4354 Vita
449 4301 477 4354 di
491 4300 609 4357 Goldoni.
625 4301 756 4368 Veneriis,
774 4301 850 4371 1825.

331 4423 355 4476 3.
375 4405 456 4471 ibid„
471 4417 491 4460 t.
507 4407 555 4472 III,
571 4423 598 4476 p.
613 4421 657 4478 29.

327 4525 355 4576 4,
378 4530 392 4559 «
408 4509 481 4565 C’est
496 4530 522 4577 u,
538 4511 612 4565 addit
626 4511 698 4565 idem
708 4513 830 4583 scriptor,
848 4534 862 4564 rr
877 4531 908 4568 ce
921 4518 966 4586 qui
982 4516 1036 4569 m'a
1048 4515 1095 4568 fait
1109 4515 1134 4570 le
1148 4516 1207 4586 plus
1221 4516 1253 4569 de
1264 4515 1354 4587 plaisir
1364 4533 1397 4570 en
1407 4517 1456 4573 fait

294 4595 327 4650 de
340 4597 457 4652 theatres
472 4616 529 4653 non
543 4600 727 4660 chantants....
739 4601 915 4656 Polichinelle
930 4615 956 4656 et
969 4605 1101 4658 Pantalon
1116 4618 1177 4658 sont
1187 4605 1325 4676 indigeries
1335 4623 1369 4659 en
1379 4607 1455 4663 Italie

294 4695 329 4750 et,
346 4685 412 4738 dans
425 4697 485 4740 tous
499 4686 537 4741 les
550 4704 655 4759 gentes,
672 4705 737 4743 ona
758 4691 825 4743 beau
843 4688 918 4757 faire,
934 4706 971 4743 on
989 4688 1056 4744 n'est
1073 4692 1169 4761 grand,
1186 4692 1207 4746 si
1225 4690 1281 4746 l'on
1300 4705 1340 4747 est
1358 4697 1454 4764 grand,

293 4771 372 4841 qu’en
387 4785 485 4826 restant
500 4777 653 4835 soi-menie.
668 4796 683 4828 u
700 4777 760 4847 (Via
773 4779 803 4831 de
815 4779 969 4848 Mdtaslase.)

399 4893 434 4932 ns
454 4894 611 4936 ootoouro.
1334 4904 1349 4942 2
1417 4901 1421 4911 -
