3588 5680
435 625 514 692 oua
536 624 613 671 stur
638 623 818 678 euuctrua
842 624 1078 672 oouoounun
1102 623 1272 672 PERsorrAE.
1394 604 1433 689 83

271 787 345 848 ¹vere
355 763 443 831 docti
456 762 578 830 ridiculi
591 761 671 830 fient
686 763 953 852 mirabunturqne
967 781 1161 852 spectatores
1174 760 1304 830 furiosis
1319 763 1437 848 magis·
1526 777 1532 790 '

273 907 415 982 tratuum
431 889 621 956 auctoritate
634 887 729 955 licere
742 889 776 954 in
789 888 872 955 cives
888 887 1014 976 publice
1027 886 1294 969 animadvertere,
1314 910 1388 953 curn
1402 889 1438 955 in

273 1011 453 1083 custodiam
469 1034 525 1078 eos
540 1009 608 1078 dari
622 1010 760 1080 deceret.

582 1319 601 1410 §
617 1341 646 1407 3.
665 1359 707 1370 —
721 1320 771 1386 De
784 1323 948 1388 amatoriis
957 1319 1134 1410 juvenibus.

320 1551 359 1616 In
379 1550 558 1616 recentiore
574 1548 736 1616 comoedia
756 1549 864 1616 omnis
881 1547 948 1616 fere
964 1547 1101 1617 fabulae
1121 1547 1344 1618 contrahendo
1359 1572 1439 1640 quo7

276 1673 351 1742 dam
364 1675 574 1741 matrimonio
590 1673 725 1762 pendet;
743 1675 832 1760 cujus
848 1675 892 1740 rei
913 1675 939 1741 si
959 1675 1129 1763 quaerenda
1145 1677 1238 1763 origo
1254 1694 1348 1756 esset,
1371 1698 1441 1742 eam

276 1797 409 1867 fortasse
423 1823 491 1866 non
506 1800 538 1864 in
553 1779 867 1866 vetere-Graecorum
882 1798 1056 1880 comoedia,
1071 1822 1184 1866 verum
1201 1799 1285 1888 apud
1302 1803 1442 1867 Menan-

277 1923 373 1990 drum
392 1923 682 2014 Philemonemque
700 1924 857 2005 invenias,
873 1942 1031 2012 quantum
1047 1948 1064 1991 a
1080 1925 1222 1991 romanis
1238 1947 1351 1992 eorum
1371 1926 1444 1991 imi·

280 2048 437 2116 tatoribus
460 2047 591 2137 judicari
617 2068 735 2138 potest.
752 2047 886 2117 Nullam
906 2053 1080 2115 amatorius
1106 2051 1231 2136 juvenis
1246 2069 1366 2130 artem,
1384 2049 1443 2116 nisi

279 2161 454 2261 uoluptatis
473 2172 644 2261 profitetur
653 2200 662 2257 3
689 2171 820 2261 juvenili
842 2173 943 2258 gratia
968 2174 1095 2240 animos
1119 2173 1178 2240 sibi
1202 2175 1311 2241 statim
1336 2175 1444 2240 conci-

240 2321 242 2326 ·
280 2297 336 2364 liat
359 2316 409 2380 et,
432 2319 507 2364 cum
531 2298 630 2378 visus,
654 2296 762 2363 subito
786 2316 924 2380 amatur,
948 2296 1036 2363 nulla
1059 2296 1139 2363 bene
1162 2297 1313 2385 explicata
1337 2320 1443 2381 causa,

282 2423 342 2489 nisi
368 2420 456 2511 quod
478 2421 522 2488 illi
542 2420 667 2489 vividus
694 2441 741 2488 est
766 2419 856 2487 faciei
880 2421 986 2502 color,
1011 2423 1185 2489 cincinnati
1211 2423 1329 2511 capilli,
1358 2445 1445 2490 novo

282 2569 373 2612 more
389 2546 498 2627 vestis,
521 2543 637 2635 quibus
656 2568 748 2611 senes
768 2563 823 2612 aut
845 2546 1036 2613 maturiores
1055 2547 1142 2612 viros
1163 2546 1288 2612 vincere
1310 2546 1446 2621 aemulos

281 2669 379 2737 valet.

327 2793 365 2860 In
388 2793 516 2860 Molieri
537 2790 719 2874 comoediis,
740 2793 766 2859 si
785 2816 853 2859 non
875 2814 1000 2881 semper
1023 2793 1445 2880 claro'genereortusest1,

283 2915 441 2984 nobilium
456 2916 556 2984 modo
576 2916 744 2984 dumtaxat
763 2917 859 2999 vivit3
880 2915 919 2983 ad
939 2917 1116 3005 principem
1136 2916 1234 2984 facilis
1258 2917 1447 3012 plerumque

283 3041 326 3107 illi
341 3040 502 3109 estaditus
520 3040 768 3129 politioremque
778 3041 855 3128 regii
870 3041 1042 3108 comitatus
1054 3040 1243 3128 elegantiam
1254 3041 1292 3109 ad
1308 3040 1447 3130 plebeios

284 3164 387 3246 affert,
406 3187 547 3253 quorum
567 3165 824 3231 dissimilitudine
841 3163 953 3231 clarius
971 3164 1129 3253 splendet.
1152 3166 1186 3232 Si
1209 3189 1448 3256 nonnunquam

284 3286 538 3356 inconsideratus
555 3289 730 3372 invenitur,
748 3288 833 3355 velut
849 3290 1002 3356 Horatius
1020 3291 1053 3355 in
1072 3290 1212 3356 Uxorum
1232 3290 1345 3372 schola,
1366 3313 1449 3380 saepe

285 3415 382 3479 etiam
396 3437 472 3481 sane
492 3413 586 3502 sapit,
603 3411 704 3501 qualis
728 3411 895 3480 Clitander
912 3414 946 3478 in
968 3414 1153 3480 Doctrinam
1173 3413 1386 3504 affectantibus
1398 3415 1449 3500 fe-

286 3514 529 3620 miniqnatura
548 3537 737 3626 plerumque
757 3535 877 3625 probus
895 3556 991 3626 atque
1009 3537 1165 3604 honestus
1184 3554 1228 3621 et,
1250 3563 1315 3629 quo
1334 3538 1449 3616 melior
1546 3600 1548 3604 .

286 3663 410 3744 evadat,
427 3663 559 3730 materia
574 3635 642 3728 nori
656 3660 781 3743 deficit;
800 3685 859 3727 usu
882 3663 1037 3751 annisque
1058 3663 1201 3749 optimus
1215 3661 1281 3729 fiet.

331 3781 446 3873 Long'e
461 3804 570 3854 autem
585 3786 646 3852 alio
663 3784 764 3852 modo
783 3784 866 3874 apud
888 3784 1091 3871 Goldonium
1112 3808 1160 3851 res
1180 3809 1213 3852 se
1231 3786 1350 3853 habent
1371 3784 1451 3853 frus·

289 3929 399 3999 traque
419 3910 504 3977 inter
523 3910 589 3997 ejus
608 3935 623 3972 r<
635 3907 806 3976 Florindos
819 3934 834 3970 »
853 3931 888 3974 ac
908 3934 924 3971 «
944 3909 1118 3975 Flaminios
1135 3934 1166 3986 »‚
1188 3932 1292 3976 unum
1311 3910 1451 3999 requiras

287 4033 469 4126 exemplum
479 4035 555 4100 recti
563 4031 670 4120 judicii
680 4033 894 4121 praecocisque
904 4031 985 4098 illius
997 4032 1228 4120 intelligentiae,
1241 4058 1312 4126 quae
1322 4031 1453 4104 Molieri

286 4157 453 4245 juvenibus
475 4179 542 4223 non
563 4180 634 4246 raro
660 4155 787 4223 adsunt.
815 4155 981 4241 Elegantia
1003 4158 1100 4222 etiam
1122 4156 1174 4224 illa
1200 4157 1319 4250 illoque
1343 4159 1452 4248 lepore

287 4299 395 4348 carent
405 4281 593 4376 goldoniani
603 4279 832 4362 adulescenteS,
844 4281 960 4370 quibus
969 4277 1159 4368 gallicorum
1172 4309 1189 4354 <c
1198 4282 1447 4350 marchionumu

289 4404 417 4472 ridicula
431 4423 663 4496 temperantur.
684 4402 799 4470 Molles
819 4426 853 4469 ac
875 4404 1097 4492 simpliciores,
1119 4404 1246 4472 insulsis
1267 4403 1355 4493 digni
1376 4425 1450 4474 sunt

327 4677 350 4718 r.
372 4658 495 4730 Exempli
508 4661 594 4730 gratia
607 4680 612 4714 :
629 4659 756 4713 Cleontes
770 4661 814 4714 in:
833 4661 930 4714 Plebeio
943 4663 1000 4714 viro
1012 4661 1168 4715 nobilitatem
1181 4663 1366 4734 affectante(Le
1378 4664 1451 4716 bonr-

291 4751 359 4819 gaois
376 4749 574 4820 gentilhomma).
