3600 5682
601 633 726 689 QUALIS
751 633 874 682 FUERIT
899 635 1112 685 GOLDONIUS.
1427 636 1441 704 5

272 773 407 858 civibus,
432 773 524 841 valde
545 772 669 864 placent
683 786 706 842 ¹.
730 775 793 841 Hic
815 774 1049 865 frequentiores
1070 775 1124 864 qui
1145 773 1314 844 fortunam
1338 795 1441 844 aucu-

275 906 491 988 pantur,'nec
516 897 654 987 prodere
675 897 727 967 vel
749 897 857 968 fallere
876 918 1027 968 metuunt
1035 923 1044 984 ;
1066 901 1182 990 quibus
1206 918 1282 967 sunt
1303 899 1392 967 nervi
1412 918 1445 968 et

273 1023 374 1091 animi
388 1022 500 1106 robur,
516 1022 670 1112 paulatim
686 1023 730 1091 illi
750 1022 964 1112 languescunt
985 1043 1016 1092 et
1035 1023 1154 1092 desidia
1175 1023 1387 1113 franguntur;
1411 1041 1446 1093 at

274 1166 386 1214 contra
400 1147 469 1237 qui,
487 1167 522 1215 ut
537 1146 734 1229 Goldonius,
751 1148 874 1236 parvuli
887 1171 963 1216 cum
978 1167 1151 1216 nautarum
1162 1148 1268 1217 liberis
1282 1148 1442 1230 luserunt,

274 1272 328 1363 qui
343 1272 381 1339 ab
397 1272 495 1340 ubere
508 1271 703 1355 didicerunt,
719 1271 813 1339 balbo
828 1273 926 1340 etiam
942 1295 1011 1354 ore,
1029 1271 1112 1340 hanc
1127 1291 1251 1340 tentare
1262 1292 1444 1342 maternam

274 1395 459 1481 dialectum,
483 1395 610 1464 effetam
631 1414 663 1464 et
680 1397 746 1464 fere
764 1395 935 1486 puerilem,
955 1396 990 1463 hi
1017 1397 1163 1464 Veneriis
1185 1397 1443 1467 amoenissimam

275 1520 383 1588 sedem
398 1521 582 1602 inveniunt,
598 1543 616 1588 e
631 1542 695 1610 qua
708 1521 800 1587 inviti
816 1538 946 1588 tantum
960 1519 1054 1588 avelli
1069 1519 1205 1610 possint.

300 1743 397 1810 Non
413 1765 491 1831 pura
507 1760 616 1809 tamen
638 1759 752 1810 nostro
773 1760 888 1808 veneta
911 1741 1017 1828 origo.
1038 1741 1174 1810 Paterna
1190 1743 1300 1831 stirps,
1316 1741 1446 1813 Mutina

276 1885 359 1949 orta,
375 1866 528 1933 Venetias
542 1864 726 1948 devenerat,
741 1888 879 1954 quarum
895 1886 973 1932 mox
992 1863 1143 1954 adoptiva
1160 1888 1269 1934 mores
1284 1886 1446 1934 mentem·

276 2013 338 2078 que
357 1989 495 2078 recepit;
517 2012 607 2069 avus,
624 1987 782 2078 voluptati
800 1986 939 2071 deditus,
965 1989 1064 2056 nimia
1086 1989 1179 2077 periit
1204 1988 1341 2071 luxuria,
1366 1988 1449 2057 dum

276 2133 380 2203 poetae
398 2131 488 2203 pater
506 2136 575 2180 rem
586 2137 676 2182 suam
697 2111 836 2182 confecit
856 2113 971 2202 epulis,
987 2115 1130 2182 scaenicis
1152 2113 1247 2194 ludis,
1264 2113 1346 2182 villis
1359 2112 1445 2203 apud

277 2237 430 2306 Brentam
451 2239 581 2326 emptis,
608 2237 662 2304 ubi
684 2257 844 2306 autumno
869 2257 1017 2327 tempore
1035 2239 1154 2306 Veneti
1176 2238 1268 2321 luxu,
1288 2238 1443 2318 vestibus,

276 2363 431 2430 conviviis
451 2363 538 2430 inter
557 2385 592 2429 se
616 2361 868 2444 contendebant,
894 2386 972 2451 quas
995 2361 1130 2430 effrenas
1155 2362 1359 2451 profusiones
1380 2363 1448 2452 ipse

276 2485 461 2554 Goldonius
480 2485 646 2553 nonnullis
664 2485 779 2553 fabulis
798 2484 941 2574 depinxit
952 2497 975 2555 ².
995 2485 1122 2554 Labore
1141 2487 1240 2553 vitam
1261 2506 1447 2575 comparare

275 2629 417 2692 coactus,
441 2630 531 2699 pater
551 2608 746 2678 medicinam
769 2608 968 2698 aggreditur,
991 2611 1068 2677 satis
1092 2628 1225 2690 temere,
1248 2628 1285 2677 ut
1307 2608 1447 2692 videtur,

277 2758 335 2802 nec
350 2734 455 2824 longis
466 2733 579 2801 studiis
593 2751 733 2822 paratus.
747 2733 860 2824 Itaque
869 2751 1064 2820 aegrotantes
1072 2734 1181 2824 potius
1194 2735 1340 2823 sequitur
1350 2757 1448 2823 quam

277 2859 401 2947 recipit,
416 2858 491 2926 sede
504 2856 690 2947 frequenter
705 2875 850 2943 mutata3
869 2859 1043 2948 piscatores
1057 2859 1154 2925 etiam
1169 2857 1357 2949 aliquando,
1379 2882 1448 2926 non

277 2982 379 3062 multa¹
400 2982 560 3063 mercede,
585 2998 687 3066 curat,
713 3003 855 3072 quorum
880 2959 988 3050 mores
1010 2982 1187 3050 insciorum
1209 2984 1275 3068 jam
1297 2982 1447 3054 observat

277 3107 361 3176 filius
375 3105 574 3190 adulescens,
589 3107 623 3172 in
642 3105 912 3195 Disputationibus
925 3105 1107 3194 cfn'oaaotis3
1124 3129 1180 3174 eos
1196 3106 1394 3197 depicturus.

321 3233 411 3299 Dum
435 3231 480 3299 sic
503 3249 665 3297 errantem
689 3230 787 3297 vitam
813 3253 888 3297 cum
911 3247 1000 3318 patre
1025 3229 1209 3299 Goldonius
1230 3232 1308 3321 agit,
1334 3231 1447 3320 primis

276 3356 455 3432 litterarum
469 3327 637 3422 elementis
651 3354 721 3420 sine
735 3352 849 3420 ordine
863 3352 972 3421 studet
987 3355 1138 3438 Perusiae,
1151 3355 1304 3437 Arimini,
1320 3355 1444 3438 Ticini,

277 3480 330 3547 ubi
354 3502 442 3568 papae
465 3477 646 3565 sumptibus
670 3475 836 3545 educatur.
859 3476 935 3559 Sed,
957 3496 989 3544 et
1013 3477 1124 3544 clerica
1147 3498 1248 3561 veste,
1272 3476 1449 3546 comoedias

278 3605 400 3686 recitat,
412 3603 556 3670 satiricos
572 3624 682 3669 versus
699 3602 883 3690 componit,
895 3600 939 3668 T.
958 3601 1120 3669 Maecium
1144 3600 1234 3690 legit,
1253 3600 1448 3670 Terentium

277 3747 308 3796 et
328 3727 593 3815 Aristophanem,
613 3749 742 3794 necnon
765 3725 994 3793 Macchiavellii
1008 3727 1261 3813 Mandragoram
1278 3725 1312 3793 in
1331 3724 1414 3794 libro
1431 3748 1449 3792 a

277 3852 463 3941 presbytero
484 3849 628 3942 quodam
648 3849 873 3934 commodam,
899 3849 954 3938 qui
974 3847 1113 3917 fabulam
1137 3873 1155 3916 e
1176 3849 1309 3939 collegae
1335 3848 1449 3918 biblio·

277 3975 369 4042 theca
388 3973 470 4041 clam
493 3993 632 4062 ceperat,
654 3992 814 4063 quantum
835 3975 869 4040 in
889 3995 924 4039 ea
943 3973 1060 4041 veneni
1085 3974 1203 4041 inesset
1224 3995 1293 4041 non
1317 3973 1450 4062 quidem

277 4099 451 4186 suspicans.
465 4095 591 4164 Scholae
606 4115 712 4164 autern
730 4095 930 4185 disciplinam
946 4095 1042 4163 taedio
1057 4094 1161 4162 ferens
1174 4096 1372 4178 Goldonius,
1386 4117 1451 4163 una

278 4241 353 4288 cum
370 4220 514 4310 quodam
537 4221 747 4287 scaenicorum
761 4242 872 4308 grege,
888 4243 1005 4287 navem
1028 4219 1217 4288 conscendit
1240 4240 1273 4290 et
1293 4218 1449 4287 Arimino
1489 4287 1490 4292 ,

277 4345 412 4434 patriam
434 4345 514 4432 petit
525 4368 535 4426 ;
553 4366 619 4434 qno
640 4345 766 4413 brevius
787 4344 849 4411 iter
870 4343 1046 4427 videretur,
1063 4347 1230 4413 amatoriis
1256 4344 1350 4434 nugis
1373 4367 1449 4412 cum

317 4592 340 4634 1.
357 4573 420 4630 Vid.
439 4575 472 4628 de
486 4575 611 4628 Brosses:
628 4575 724 4628 Lcttres
739 4591 784 4628 sur
798 4574 901 4630 l'Italie.

315 4687 339 4726 2.
358 4671 400 4725 La
414 4670 591 4741 villegiatura,
605 4671 753 4743 llprodigo,
765 4685 816 4727 etc.

320 4785 343 4839 3.
360 4769 396 4821 Le
410 4768 506 4838 baruffe
518 4768 647 4838 chioaaote'.
