3600 5682
546 637 718 694 QUANTUM
742 637 788 683 Al)
811 639 956 684 LITTERAS
980 638 1171 686 PERTINETv
1398 642 1434 708 31

272 775 359 858 bant,
376 777 510 858 cura-vit,
522 799 581 843 nec
592 776 732 845 Tassum
742 778 887 845 imitatus
897 796 956 858 est,
970 779 1038 866 qui,
1051 776 1282 866 elegantiorem
1293 777 1437 867 linguam

271 918 472 983 consectans,
483 923 598 990 poema
612 924 708 967 suum
722 903 923 990 rescripserat
937 900 1080 991 illudque
1091 902 1284 991 corrigendo
1305 921 1438 971 contur-

270 1023 409 1092 baverat.
431 1024 578 1092 Tuscum
598 1027 709 1110 etiam,
725 1045 760 1093 ut
780 1025 919 1106 videtur,
942 1049 1128 1093 sermonem
1146 1027 1252 1116 ipsum
1270 1046 1301 1094 et
1323 1025 1437 1094 dialec-

270 1167 342 1217 tum
365 1148 536 1239 quamdam
565 1173 633 1216 esse
655 1148 865 1217 arbitrabatur
886 1149 1085 1232 Goldonius,
1099 1174 1135 1217 ac
1157 1151 1229 1235 sibi,
1245 1170 1282 1218 ut
1296 1152 1330 1218 in
1346 1150 1436 1218 Italia

270 1290 339 1340 tota
351 1271 594 1360 intelligeretur,
610 1295 821 1341 communem
837 1273 981 1360 linguam
996 1275 1068 1340 usui
1083 1298 1151 1342 esse
1165 1273 1290 1343 debere.
1307 1273 1359 1341 Ad
1375 1297 1436 1341 na-

270 1416 376 1466 turam
389 1398 433 1464 sic
447 1398 579 1487 propius
594 1399 737 1481 accessit,
755 1397 810 1465 sed
825 1383 912 1466 illam
922 1399 1070 1466 viliorem
1086 1422 1324 1490 nonnunquam
1332 1425 1342 1483 3
1355 1421 1434 1489 prae-

268 1541 354 1590 terea
366 1521 486 1611 gallicis
500 1521 694 1590 dictionibus
708 1521 878 1604 redundat,
894 1547 934 1590 ex
953 1547 1020 1614 quo
1039 1524 1147 1593 videre
1165 1524 1238 1593 licet
1261 1527 1434 1616 quantum,

268 1663 383 1713 octavo
405 1646 532 1713 decimo
552 1645 683 1726 saecu10,
706 1648 826 1714 nostris
851 1648 1060 1736 scriptoribus
1083 1648 1252 1736 diligenter
1274 1649 1433 1742 perlectis,

268 1768 381 1858 gallico
395 1771 527 1858 ingenio
544 1768 634 1838 Italia
648 1793 716 1836 sese
730 1768 1038 1840 accommodavisset
1050 1783 1072 1838 ¹.

310 2035 407 2103 Aliud
429 2037 550 2103 crimen
573 2034 741 2116 Goldonio
760 2037 925 2103 intentum
945 2054 1006 2116 est,
1029 2058 1087 2102 nec
1107 2036 1229 2117 minus,
1249 2057 1325 2103 cum
1345 2036 1431 2104 Mar·

267 2159 345 2229 tellii
365 2183 492 2257 causam
516 2159 556 2227 de
578 2159 754 2227 dramatico
772 2181 866 2228 versu
888 2161 1038 2249 suscepit.
1061 2158 1309 2247 Tragoediarum
1333 2159 1431 2228 hodie

268 2283 430 2352 oblivione
443 2282 622 2352 deletarum
640 2286 789 2372 scriptor,
810 2307 889 2374 quas
908 2285 1017 2372 magni
1032 2304 1110 2353 tunc
1135 2284 1243 2372 Scipio
1268 2283 1429 2352 Maffaeius
1520 2361 1527 2377 .

266 2406 412 2490 faciebat,
429 2407 619 2490 Martellius,
635 2409 670 2474 in
692 2407 795 2475 Gallia
815 2407 1012 2498 aliquamdiu
1029 2426 1189 2489 moratus,
1206 2406 1309 2476 doctis
1326 2407 1432 2474 horni-

267 2531 360 2599 nibus
383 2533 514 2613 nostris,
540 2531 719 2600 declinante
745 2531 902 2600 Ludovici
922 2533 1001 2599 XIV
1020 2533 1211 2621 principatu,
1232 2531 1431 2599 familiariter

267 2679 342 2738 usus
354 2675 433 2722 erat.
451 2654 569 2722 Italicae
586 2657 684 2744 igitur
703 2654 868 2742 tragoediae
886 2677 992 2722 novos
1010 2678 1133 2736 versus,
1154 2655 1274 2744 gallicis
1294 2655 1429 2735 similes,

267 2777 421 2847 excudere
439 2780 563 2860 statuit,
589 2780 645 2869 qui
669 2777 929 2870 quattuordecim
950 2776 1077 2880 syllabis
1091 2795 1289 2860 constantes,
1312 2778 1428 2846 eodem

266 2926 348 2971 sono
365 2902 431 2988 bini
444 2901 730 2971 concludebantur.
745 2905 791 2971 Ut
805 2925 881 2970 vero
894 2902 993 2970 Gallis
1009 2903 1148 2972 nimium
1163 2900 1291 2971 favendi
1307 2905 1430 2971 crimen

266 3028 390 3109 vitaret,
407 3026 498 3094 hosa
518 3026 628 3096 Ciullo
638 3040 662 3109 ²,
679 3028 789 3095 Siculo
808 3046 916 3116 poeta,
933 3029 988 3118 qui
1007 3029 1102 3095 tertio
1122 3027 1250 3095 decimo
1268 3047 1342 3117 post
1360 3026 1426 3094 Ch.

265 3149 382 3218 saeculo
398 3149 542 3233 florebat,
559 3153 710 3219 inventos
722 3151 826 3219 finxit.
844 3150 1036 3220 Martelliani
1051 3174 1161 3220 versus
1180 3174 1289 3219 revera
1304 3151 1430 3220 duobus

266 3273 454 3343 constabant
468 3274 622 3357 versibus,
638 3293 763 3365 septem
783 3275 910 3364 syllabis
927 3276 1073 3344 formatis
1088 3299 1216 3366 unaque
1230 3278 1429 3366 conjunctis,

265 3423 406 3490 quorum
431 3399 509 3468 alter
531 3419 660 3469 tanturn
683 3402 825 3490 priorem
846 3400 1006 3490 duplicem
1028 3415 1157 3468 versum
1173 3400 1269 3468 simili
1286 3401 1427 3468 clausula

258 3524 443 3606 revocabar.
468 3525 592 3591 Eorum
614 3548 765 3592 versuum
794 3546 958 3593 novorum
982 3527 1181 3614 majestatem
1210 3547 1245 3591 ac
1277 3523 1427 3613 pondus³

262 3647 410 3716 laudabat
429 3649 581 3716 inventor
606 3648 768 3739 talemque
789 3648 925 3716 addebat
945 3647 1136 3737 rhythmum
1161 3647 1273 3716 italicis
1298 3649 1428 3716 auribus

264 3795 332 3840 non
347 3796 414 3840 esse
427 3772 622 3840 inauditum.

307 3899 470 3967 Permulta
485 3917 593 3966 tamen
607 3896 768 3966 Martellio
782 3897 906 3986 objecta
921 3917 997 3966 sunt
1005 3924 1015 3980 ;
1028 3896 1083 3964 sed
1094 3921 1279 3988 quanquam
1290 3897 1427 3966 confite-

263 4083 473 4093 —————-

301 4205 323 4246 1.
344 4189 376 4242 In
389 4205 437 4242 sua
447 4187 626 4260 ephemeride,
643 4190 686 4243 cui
705 4188 799 4244 titulus
813 4189 839 4243 ΙΙ
856 4191 1034 4261 ruffa-comes
1050 4190 1128 4243 Verri
1151 4199 1212 4243 ante
1237 4190 1373 4243 notarium
1396 4206 1426 4244 se

262 4277 392 4332 vocabula
412 4275 509 4331 «della
523 4275 624 4329 Crusca
638 4299 652 4327 »
676 4290 702 4330 et
719 4293 800 4348 quem
822 4277 1002 4348 praedicabant
1024 4294 1126 4349 purum
1142 4293 1297 4330 sermonem
1319 4289 1425 4331 tuscum

262 4367 385 4420 abdicare
397 4365 584 4422 declaraverat.
601 4365 675 4435 (Vid.
692 4364 719 4418 Il
730 4367 801 4437 roffi,
816 4377 834 4422 t.
853 4366 876 4433 l,
892 4384 918 4437 p.
939 4382 981 4435 30,
998 4365 1104 4432 Brixiae,
1123 4364 1211 4436 1764).

297 4497 327 4538 2:
344 4481 429 4552 Cujus
442 4481 529 4535 adhuc'
545 4491 676 4551 superstes
694 4497 778 4533 unum
793 4497 904 4534 carmen
920 4481 1059 4551 (caupone),
1074 4481 1106 4532 ab
1124 4479 1227 4534 Allacci
1250 4480 1423 4534 recollectum

260 4569 334 4639 (vid.
352 4569 504 4640 Ginguene‚
519 4570 633 4623 Histoire
645 4569 770 4623 litiiraire
783 4568 893 4634 d'ltalie,
905 4581 923 4626 t.
940 4570 962 4634 I,
978 4586 1036 4639 cap.
1054 4567 1080 4633 6,
1093 4586 1118 4639 p.
1138 4569 1210 4640 337).

299 4703 321 4757 3,
345 4705 359 4736 «
370 4685 461 4740 Tardo
476 4703 490 4739 e
504 4689 568 4756 pero
583 4696 717 4739 maestoso
730 4705 744 4736 »
758 4685 888 4755 (Discorso
902 4683 941 4737 sul
953 4700 1022 4737 verso
1042 4684 1148 4754 tragico,
1163 4683 1236 4754 quod
1256 4685 1423 4754 procamium

262 4774 378 4832 Martelli
391 4774 495 4828 theatro
510 4775 689 4846 proponitur).
