<?xml version="1.0" encoding="UTF-8"?>
<!DOCTYPE html PUBLIC "-//W3C//DTD XHTML 1.0 Transitional//EN"
    "http://www.w3.org/TR/xhtml1/DTD/xhtml1-transitional.dtd">
<html xmlns="http://www.w3.org/1999/xhtml" xml:lang="en" lang="en">
 <head>
  <title>
</title>
<meta http-equiv="Content-Type" content="text/html;charset=utf-8" />
  <meta name='ocr-system' content='tesseract 3.04.00' />
  <meta name='ocr-capabilities' content='ocr_page ocr_carea ocr_par ocr_line ocrx_word'/>
</head>
<body>
  <div class='ocr_page' id='page_1' title='image "./degoldonioitali00rabagoog_0116.png"; bbox 0 0 3588 5680; ppageno 0'>
   <div class='ocr_carea' id='block_1_1' title="bbox 450 630 1454 687">
    <p class='ocr_par' dir='ltr' id='par_1_1' title="bbox 450 630 1454 687">
     <span class='ocr_line' id='line_1_1' title="bbox 450 630 1454 687; baseline 0.003 -10"><span class='ocrx_word' id='word_1_1' title='bbox 450 631 527 687; x_wconf 80' lang='lat' dir='ltr'>QUAE</span> <span class='ocrx_word' id='word_1_2' title='bbox 552 630 628 678; x_wconf 86' lang='lat' dir='ltr'>SINT</span> <span class='ocrx_word' id='word_1_3' title='bbox 654 631 834 678; x_wconf 79' lang='lat' dir='ltr'>PRAECIPUAE</span> <span class='ocrx_word' id='word_1_4' title='bbox 860 630 1094 678; x_wconf 76' lang='lat' dir='ltr'>GOLDONIANAE</span> <span class='ocrx_word' id='word_1_5' title='bbox 1120 631 1292 680; x_wconf 82' lang='lat' dir='ltr'>PERSONAE.</span> <span class='ocrx_word' id='word_1_6' title='bbox 1397 635 1454 680; x_wconf 85' lang='lat'>101</span> 
     </span>
    </p>
   </div>
   <div class='ocr_carea' id='block_1_2' title="bbox 285 767 1459 1602">
    <p class='ocr_par' dir='ltr' id='par_1_2' title="bbox 286 767 1459 985">
     <span class='ocr_line' id='line_1_2' title="bbox 286 767 1459 859; baseline 0.003 -23"><span class='ocrx_word' id='word_1_7' title='bbox 286 770 413 836; x_wconf 88' lang='lat' dir='ltr'>firmam</span> <span class='ocrx_word' id='word_1_8' title='bbox 430 768 539 836; x_wconf 90' lang='lat' dir='ltr'>sedem</span> <span class='ocrx_word' id='word_1_9' title='bbox 553 767 693 859; x_wconf 87' lang='lat' dir='ltr'>denique</span> <span class='ocrx_word' id='word_1_10' title='bbox 707 771 811 858; x_wconf 90' lang='lat' dir='ltr'>ponit,</span> <span class='ocrx_word' id='word_1_11' title='bbox 824 788 859 837; x_wconf 94' lang='lat' dir='ltr'>ut</span> <span class='ocrx_word' id='word_1_12' title='bbox 870 770 967 838; x_wconf 90' lang='lat' dir='ltr'>ceteri</span> <span class='ocrx_word' id='word_1_13' title='bbox 979 770 1061 837; x_wconf 90' lang='lat' dir='ltr'>servi</span> <span class='ocrx_word' id='word_1_14' title='bbox 1074 791 1148 836; x_wconf 91' lang='lat' dir='ltr'>eum</span> <span class='ocrx_word' id='word_1_15' title='bbox 1163 769 1272 837; x_wconf 88' lang='lat' dir='ltr'>solum</span> <span class='ocrx_word' id='word_1_16' title='bbox 1284 769 1459 839; x_wconf 90' lang='lat' dir='ltr'>dominum</span> 
     </span>
     <span class='ocr_line' id='line_1_3' title="bbox 286 891 1224 985; baseline -0.001 -23"><span class='ocrx_word' id='word_1_17' title='bbox 286 891 553 982; x_wconf 74' lang='lat' dir='ltr'>agnoscant‚&#39;nec</span> <span class='ocrx_word' id='word_1_18' title='bbox 566 895 631 982; x_wconf 88' lang='lat' dir='ltr'>jam</span> <span class='ocrx_word' id='word_1_19' title='bbox 645 895 712 960; x_wconf 89' lang='lat' dir='ltr'>veri</span> <span class='ocrx_word' id='word_1_20' title='bbox 724 895 853 984; x_wconf 90' lang='lat' dir='ltr'>patroni</span> <span class='ocrx_word' id='word_1_21' title='bbox 867 896 951 981; x_wconf 83' lang='lat' dir='ltr'>jussa</span> <span class='ocrx_word' id='word_1_22' title='bbox 967 895 1096 985; x_wconf 86' lang='lat' dir='ltr'>exsequi</span> <span class='ocrx_word' id='word_1_23' title='bbox 1111 893 1224 963; x_wconf 89' lang='lat' dir='ltr'>velint.</span> 
     </span>
    </p>

    <p class='ocr_par' dir='ltr' id='par_1_3' title="bbox 285 1016 1459 1602">
     <span class='ocr_line' id='line_1_4' title="bbox 330 1016 1459 1108; baseline 0.004 -25"><span class='ocrx_word' id='word_1_24' title='bbox 330 1017 525 1108; x_wconf 84' lang='lat' dir='ltr'>Plerumque</span> <span class='ocrx_word' id='word_1_25' title='bbox 538 1016 747 1086; x_wconf 87' lang='lat' dir='ltr'>Arlecchinus</span> <span class='ocrx_word' id='word_1_26' title='bbox 758 1016 985 1107; x_wconf 89' lang='lat' dir='ltr'>extemporalis</span> <span class='ocrx_word' id='word_1_27' title='bbox 997 1017 1168 1086; x_wconf 88' lang='lat' dir='ltr'>comoediae</span> <span class='ocrx_word' id='word_1_28' title='bbox 1178 1040 1306 1086; x_wconf 90' lang='lat' dir='ltr'>morem</span> <span class='ocrx_word' id='word_1_29' title='bbox 1317 1019 1459 1087; x_wconf 85' lang='lat' dir='ltr'>exactius</span> 
     </span>
     <span class='ocr_line' id='line_1_5' title="bbox 285 1140 1455 1232; baseline 0.001 -25"><span class='ocrx_word' id='word_1_30' title='bbox 285 1142 440 1232; x_wconf 86' lang='lat' dir='ltr'>sequitur,</span> <span class='ocrx_word' id='word_1_31' title='bbox 457 1143 491 1209; x_wconf 92' lang='lat' dir='ltr'>in</span> <span class='ocrx_word' id='word_1_32' title='bbox 511 1165 573 1232; x_wconf 89' lang='lat' dir='ltr'>qua</span> <span class='ocrx_word' id='word_1_33' title='bbox 591 1140 786 1210; x_wconf 82' lang='lat' dir='ltr'>deridendus</span> <span class='ocrx_word' id='word_1_34' title='bbox 800 1163 926 1231; x_wconf 87' lang='lat' dir='ltr'>semper</span> <span class='ocrx_word' id='word_1_35' title='bbox 941 1164 1051 1209; x_wconf 90' lang='lat' dir='ltr'>servus</span> <span class='ocrx_word' id='word_1_36' title='bbox 1066 1160 1153 1225; x_wconf 89' lang='lat' dir='ltr'>erat;</span> <span class='ocrx_word' id='word_1_37' title='bbox 1172 1141 1332 1230; x_wconf 87' lang='lat' dir='ltr'>Brighella</span> <span class='ocrx_word' id='word_1_38' title='bbox 1348 1160 1455 1211; x_wconf 92' lang='lat' dir='ltr'>autem</span> 
     </span>
     <span class='ocr_line' id='line_1_6' title="bbox 287 1262 1457 1354; baseline 0.003 -24"><span class='ocrx_word' id='word_1_39' title='bbox 287 1282 319 1332; x_wconf 91' lang='lat' dir='ltr'>et</span> <span class='ocrx_word' id='word_1_40' title='bbox 327 1265 417 1332; x_wconf 91' lang='lat' dir='ltr'>seriis</span> <span class='ocrx_word' id='word_1_41' title='bbox 431 1262 543 1332; x_wconf 79' lang='lat' dir='ltr'>fabulis</span> <span class='ocrx_word' id='word_1_42' title='bbox 556 1264 763 1334; x_wconf 86' lang='lat' dir='ltr'>admiscetur.</span> <span class='ocrx_word' id='word_1_43' title='bbox 776 1266 875 1334; x_wconf 91' lang='lat' dir='ltr'>Tunc</span> <span class='ocrx_word' id='word_1_44' title='bbox 890 1263 1010 1354; x_wconf 92' lang='lat' dir='ltr'>probus</span> <span class='ocrx_word' id='word_1_45' title='bbox 1026 1263 1062 1332; x_wconf 91' lang='lat' dir='ltr'>fit</span> <span class='ocrx_word' id='word_1_46' title='bbox 1076 1282 1172 1354; x_wconf 90' lang='lat' dir='ltr'>atque</span> <span class='ocrx_word' id='word_1_47' title='bbox 1182 1266 1398 1333; x_wconf 75' lang='lat' dir='ltr'>aestimatione</span> <span class='ocrx_word' id='word_1_48' title='bbox 1410 1265 1457 1333; x_wconf 94' lang='lat' dir='ltr'>di-</span> 
     </span>
     <span class='ocr_line' id='line_1_7' title="bbox 286 1386 1457 1480; baseline 0 -24"><span class='ocrx_word' id='word_1_49' title='bbox 286 1410 383 1475; x_wconf 88' lang='lat' dir='ltr'>gnus,</span> <span class='ocrx_word' id='word_1_50' title='bbox 402 1389 497 1456; x_wconf 90' lang='lat' dir='ltr'>simul</span> <span class='ocrx_word' id='word_1_51' title='bbox 514 1405 657 1457; x_wconf 88' lang='lat' dir='ltr'>ceterum</span> <span class='ocrx_word' id='word_1_52' title='bbox 671 1408 704 1457; x_wconf 89' lang='lat' dir='ltr'>et</span> <span class='ocrx_word' id='word_1_53' title='bbox 717 1390 832 1480; x_wconf 85' lang='lat' dir='ltr'>saepius</span> <span class='ocrx_word' id='word_1_54' title='bbox 848 1387 980 1457; x_wconf 88' lang='lat' dir='ltr'>taedium</span> <span class='ocrx_word' id='word_1_55' title='bbox 996 1386 1142 1458; x_wconf 85' lang='lat' dir='ltr'>afferens.</span> <span class='ocrx_word' id='word_1_56' title='bbox 1154 1389 1253 1457; x_wconf 91' lang='lat' dir='ltr'>Tunc</span> <span class='ocrx_word' id='word_1_57' title='bbox 1267 1407 1372 1478; x_wconf 90' lang='lat' dir='ltr'>partes</span> <span class='ocrx_word' id='word_1_58' title='bbox 1388 1411 1457 1457; x_wconf 90' lang='lat' dir='ltr'>sus·</span> 
     </span>
     <span class='ocr_line' id='line_1_8' title="bbox 289 1510 1457 1602; baseline 0.003 -24"><span class='ocrx_word' id='word_1_59' title='bbox 289 1512 371 1579; x_wconf 90' lang='lat' dir='ltr'>tinet</span> <span class='ocrx_word' id='word_1_60' title='bbox 389 1511 488 1580; x_wconf 89' lang='lat' dir='ltr'>vetuli</span> <span class='ocrx_word' id='word_1_61' title='bbox 507 1514 738 1601; x_wconf 88' lang='lat' dir='ltr'>procuratoris,</span> <span class='ocrx_word' id='word_1_62' title='bbox 755 1513 870 1580; x_wconf 89' lang='lat' dir='ltr'>canitie</span> <span class='ocrx_word' id='word_1_63' title='bbox 889 1510 1075 1597; x_wconf 81' lang='lat' dir='ltr'>uenerandi,</span> <span class='ocrx_word' id='word_1_64' title='bbox 1091 1514 1146 1602; x_wconf 94' lang='lat' dir='ltr'>qui</span> <span class='ocrx_word' id='word_1_65' title='bbox 1165 1529 1352 1581; x_wconf 89' lang='lat' dir='ltr'>nascentem</span> <span class='ocrx_word' id='word_1_66' title='bbox 1365 1536 1457 1581; x_wconf 89' lang='lat' dir='ltr'>erum</span> 
     </span>
    </p>
   </div>
   <div class='ocr_carea' id='block_1_3' title="bbox 287 1633 1457 1729">
    <p class='ocr_par' dir='ltr' id='par_1_4' title="bbox 287 1633 1457 1729">
     <span class='ocr_line' id='line_1_9' title="bbox 287 1633 1457 1729; baseline 0.003 -28"><span class='ocrx_word' id='word_1_67' title='bbox 287 1633 367 1704; x_wconf 91' lang='lat' dir='ltr'>vidit</span> <span class='ocrx_word' id='word_1_68' title='bbox 382 1657 536 1726; x_wconf 88' lang='lat' dir='ltr'>eumque,</span> <span class='ocrx_word' id='word_1_69' title='bbox 552 1637 649 1727; x_wconf 90' lang='lat' dir='ltr'>patris</span> <span class='ocrx_word' id='word_1_70' title='bbox 663 1638 776 1719; x_wconf 89' lang='lat' dir='ltr'>instar,</span> <span class='ocrx_word' id='word_1_71' title='bbox 792 1653 893 1716; x_wconf 87' lang='lat' dir='ltr'>amat,</span> <span class='ocrx_word' id='word_1_72' title='bbox 905 1634 984 1702; x_wconf 82' lang='lat' dir='ltr'>duna</span> <span class='ocrx_word' id='word_1_73' title='bbox 998 1636 1103 1725; x_wconf 89' lang='lat' dir='ltr'>gentis</span> <span class='ocrx_word' id='word_1_74' title='bbox 1117 1638 1344 1729; x_wconf 85' lang='lat' dir='ltr'>antiquitatem</span> <span class='ocrx_word' id='word_1_75' title='bbox 1359 1639 1457 1706; x_wconf 90' lang='lat' dir='ltr'>etiam</span> 
     </span>
    </p>
   </div>
   <div class='ocr_carea' id='block_1_4' title="bbox 195 1758 1459 2840">
    <p class='ocr_par' dir='ltr' id='par_1_5' title="bbox 195 1758 1459 2840">
     <span class='ocr_line' id='line_1_10' title="bbox 289 1758 1457 1851; baseline 0.003 -26"><span class='ocrx_word' id='word_1_76' title='bbox 289 1779 463 1828; x_wconf 88' lang='lat' dir='ltr'>reveretur.</span> <span class='ocrx_word' id='word_1_77' title='bbox 486 1761 560 1829; x_wconf 90' lang='lat' dir='ltr'>Hoc</span> <span class='ocrx_word' id='word_1_78' title='bbox 580 1761 669 1829; x_wconf 88' lang='lat' dir='ltr'>enim</span> <span class='ocrx_word' id='word_1_79' title='bbox 687 1761 790 1830; x_wconf 85' lang='lat' dir='ltr'>aetatis</span> <span class='ocrx_word' id='word_1_80' title='bbox 809 1758 991 1828; x_wconf 87' lang='lat' dir='ltr'>affectatam</span> <span class='ocrx_word' id='word_1_81' title='bbox 1010 1759 1182 1828; x_wconf 89' lang='lat' dir='ltr'>mollitiem</span> <span class='ocrx_word' id='word_1_82' title='bbox 1201 1763 1319 1847; x_wconf 88' lang='lat' dir='ltr'>arguit,</span> <span class='ocrx_word' id='word_1_83' title='bbox 1340 1785 1403 1851; x_wconf 91' lang='lat' dir='ltr'>qua</span> <span class='ocrx_word' id='word_1_84' title='bbox 1426 1780 1457 1828; x_wconf 89' lang='lat' dir='ltr'>et</span> 
     </span>
     <span class='ocr_line' id='line_1_11' title="bbox 289 1882 1456 1972; baseline 0.002 -23"><span class='ocrx_word' id='word_1_85' title='bbox 289 1905 434 1972; x_wconf 87' lang='lat' dir='ltr'>personae</span> <span class='ocrx_word' id='word_1_86' title='bbox 455 1907 472 1951; x_wconf 92' lang='lat' dir='ltr'>a</span> <span class='ocrx_word' id='word_1_87' title='bbox 491 1884 665 1972; x_wconf 87' lang='lat' dir='ltr'>majoribus</span> <span class='ocrx_word' id='word_1_88' title='bbox 684 1882 878 1953; x_wconf 89' lang='lat' dir='ltr'>validissima</span> <span class='ocrx_word' id='word_1_89' title='bbox 901 1900 979 1950; x_wconf 91' lang='lat' dir='ltr'>nota</span> <span class='ocrx_word' id='word_1_90' title='bbox 999 1884 1132 1972; x_wconf 87' lang='lat' dir='ltr'>signatae</span> <span class='ocrx_word' id='word_1_91' title='bbox 1150 1883 1370 1952; x_wconf 85' lang='lat' dir='ltr'>mutabantur.</span> <span class='ocrx_word' id='word_1_92' title='bbox 1394 1884 1456 1951; x_wconf 87' lang='lat' dir='ltr'>Sed</span> 
     </span>
     <span class='ocr_line' id='line_1_12' title="bbox 289 2006 1457 2096; baseline 0.002 -24"><span class='ocrx_word' id='word_1_93' title='bbox 289 2008 420 2096; x_wconf 90' lang='lat' dir='ltr'>antiqua</span> <span class='ocrx_word' id='word_1_94' title='bbox 443 2008 575 2094; x_wconf 88' lang='lat' dir='ltr'>vestigia</span> <span class='ocrx_word' id='word_1_95' title='bbox 599 2029 839 2095; x_wconf 87' lang='lat' dir='ltr'>nonnunquam</span> <span class='ocrx_word' id='word_1_96' title='bbox 859 2023 1012 2095; x_wconf 90' lang='lat' dir='ltr'>apparent</span> <span class='ocrx_word' id='word_1_97' title='bbox 1036 2009 1236 2095; x_wconf 88' lang='lat' dir='ltr'>priscamque</span> <span class='ocrx_word' id='word_1_98' title='bbox 1256 2006 1364 2096; x_wconf 91' lang='lat' dir='ltr'>prodit</span> <span class='ocrx_word' id='word_1_99' title='bbox 1389 2006 1457 2074; x_wconf 88' lang='lat' dir='ltr'>Bri-</span> 
     </span>
     <span class='ocr_line' id='line_1_13' title="bbox 291 2127 1458 2219; baseline 0.001 -22"><span class='ocrx_word' id='word_1_100' title='bbox 291 2129 397 2219; x_wconf 88' lang='lat' dir='ltr'>ghella</span> <span class='ocrx_word' id='word_1_101' title='bbox 421 2131 594 2219; x_wconf 84' lang='lat' dir='ltr'>originem,</span> <span class='ocrx_word' id='word_1_102' title='bbox 618 2133 715 2199; x_wconf 92' lang='lat' dir='ltr'>etiam</span> <span class='ocrx_word' id='word_1_103' title='bbox 734 2151 809 2197; x_wconf 92' lang='lat' dir='ltr'>cum</span> <span class='ocrx_word' id='word_1_104' title='bbox 830 2128 945 2198; x_wconf 82' lang='lat' dir='ltr'>&#39;flebilis</span> <span class='ocrx_word' id='word_1_105' title='bbox 964 2128 1131 2218; x_wconf 87' lang='lat' dir='ltr'>cujusdam</span> <span class='ocrx_word' id='word_1_106' title='bbox 1151 2127 1265 2197; x_wconf 87' lang='lat' dir='ltr'>fabulae</span> <span class='ocrx_word' id='word_1_107' title='bbox 1282 2132 1458 2219; x_wconf 88' lang='lat' dir='ltr'>praecipuas</span> 
     </span>
     <span class='ocr_line' id='line_1_14' title="bbox 290 2252 1456 2344; baseline -0.001 -22"><span class='ocrx_word' id='word_1_108' title='bbox 290 2274 395 2343; x_wconf 92' lang='lat' dir='ltr'>partes</span> <span class='ocrx_word' id='word_1_109' title='bbox 409 2256 487 2342; x_wconf 87' lang='lat' dir='ltr'>agit.</span> <span class='ocrx_word' id='word_1_110' title='bbox 504 2255 583 2324; x_wconf 91' lang='lat' dir='ltr'>Non</span> <span class='ocrx_word' id='word_1_111' title='bbox 599 2257 686 2323; x_wconf 88' lang='lat' dir='ltr'>enim</span> <span class='ocrx_word' id='word_1_112' title='bbox 698 2273 748 2324; x_wconf 88' lang='lat' dir='ltr'>tot</span> <span class='ocrx_word' id='word_1_113' title='bbox 759 2254 872 2322; x_wconf 84' lang='lat' dir='ltr'>saecula</span> <span class='ocrx_word' id='word_1_114' title='bbox 882 2252 996 2344; x_wconf 90' lang='lat' dir='ltr'>aliquis</span> <span class='ocrx_word' id='word_1_115' title='bbox 1007 2252 1176 2322; x_wconf 89' lang='lat' dir='ltr'>nebulonis</span> <span class='ocrx_word' id='word_1_116' title='bbox 1188 2253 1288 2322; x_wconf 92' lang='lat' dir='ltr'>modo</span> <span class='ocrx_word' id='word_1_117' title='bbox 1299 2275 1333 2322; x_wconf 90' lang='lat' dir='ltr'>se</span> <span class='ocrx_word' id='word_1_118' title='bbox 1342 2255 1456 2344; x_wconf 85' lang='lat' dir='ltr'>gessit,</span> 
     </span>
     <span class='ocr_line' id='line_1_15' title="bbox 291 2376 1459 2469; baseline -0.001 -24"><span class='ocrx_word' id='word_1_119' title='bbox 291 2381 369 2467; x_wconf 91' lang='lat' dir='ltr'>quin</span> <span class='ocrx_word' id='word_1_120' title='bbox 385 2380 500 2447; x_wconf 89' lang='lat' dir='ltr'>veteris</span> <span class='ocrx_word' id='word_1_121' title='bbox 517 2379 645 2448; x_wconf 91' lang='lat' dir='ltr'>habitus</span> <span class='ocrx_word' id='word_1_122' title='bbox 661 2378 738 2469; x_wconf 94' lang='lat' dir='ltr'>quid</span> <span class='ocrx_word' id='word_1_123' title='bbox 755 2381 783 2446; x_wconf 92' lang='lat' dir='ltr'>ei</span> <span class='ocrx_word' id='word_1_124' title='bbox 797 2376 1010 2469; x_wconf 83' lang='lat' dir='ltr'>superfuerit3</span> <span class='ocrx_word' id='word_1_125' title='bbox 1029 2400 1062 2444; x_wconf 91' lang='lat' dir='ltr'>re</span> <span class='ocrx_word' id='word_1_126' title='bbox 1081 2377 1212 2469; x_wconf 92' lang='lat' dir='ltr'>quidem</span> <span class='ocrx_word' id='word_1_127' title='bbox 1231 2401 1305 2446; x_wconf 91' lang='lat' dir='ltr'>vera</span> <span class='ocrx_word' id='word_1_128' title='bbox 1321 2378 1380 2446; x_wconf 93' lang='lat' dir='ltr'>sub</span> <span class='ocrx_word' id='word_1_129' title='bbox 1400 2377 1459 2445; x_wconf 92' lang='lat' dir='ltr'>ho-</span> 
     </span>
     <span class='ocr_line' id='line_1_16' title="bbox 292 2500 1457 2592; baseline 0.001 -24"><span class='ocrx_word' id='word_1_130' title='bbox 292 2524 382 2571; x_wconf 90' lang='lat' dir='ltr'>nesta</span> <span class='ocrx_word' id='word_1_131' title='bbox 400 2505 516 2592; x_wconf 91' lang='lat' dir='ltr'>optimi</span> <span class='ocrx_word' id='word_1_132' title='bbox 536 2504 613 2571; x_wconf 91' lang='lat' dir='ltr'>civis</span> <span class='ocrx_word' id='word_1_133' title='bbox 633 2521 734 2588; x_wconf 89' lang='lat' dir='ltr'>veste,</span> <span class='ocrx_word' id='word_1_134' title='bbox 755 2504 808 2591; x_wconf 90' lang='lat' dir='ltr'>qui</span> <span class='ocrx_word' id='word_1_135' title='bbox 830 2525 917 2569; x_wconf 91' lang='lat' dir='ltr'>nunc</span> <span class='ocrx_word' id='word_1_136' title='bbox 936 2501 1173 2569; x_wconf 86' lang='lat' dir='ltr'>existimatione</span> <span class='ocrx_word' id='word_1_137' title='bbox 1187 2502 1312 2590; x_wconf 85' lang='lat' dir='ltr'>integra</span> <span class='ocrx_word' id='word_1_138' title='bbox 1326 2500 1457 2582; x_wconf 79' lang='lat' dir='ltr'>fruitur,</span> 
     </span>
     <span class='ocr_line' id='line_1_17' title="bbox 290 2623 1458 2716; baseline 0.001 -24"><span class='ocrx_word' id='word_1_139' title='bbox 290 2625 408 2714; x_wconf 90' lang='lat' dir='ltr'>pendet</span> <span class='ocrx_word' id='word_1_140' title='bbox 422 2629 520 2696; x_wconf 90' lang='lat' dir='ltr'>etiam</span> <span class='ocrx_word' id='word_1_141' title='bbox 534 2627 715 2696; x_wconf 85' lang='lat' dir='ltr'>bracteatus</span> <span class='ocrx_word' id='word_1_142' title='bbox 731 2649 869 2716; x_wconf 91' lang='lat' dir='ltr'>pannus,</span> <span class='ocrx_word' id='word_1_143' title='bbox 891 2626 1055 2693; x_wconf 89' lang='lat' dir='ltr'>servitutis</span> <span class='ocrx_word' id='word_1_144' title='bbox 1071 2624 1241 2706; x_wconf 91' lang='lat' dir='ltr'>indicium,</span> <span class='ocrx_word' id='word_1_145' title='bbox 1262 2647 1359 2714; x_wconf 92' lang='lat' dir='ltr'>quam</span> <span class='ocrx_word' id='word_1_146' title='bbox 1380 2623 1458 2693; x_wconf 90' lang='lat' dir='ltr'>dum</span> 
     </span>
     <span class='ocr_line' id='line_1_18' title="bbox 195 2746 1411 2840; baseline -0.002 -23"><span class='ocrx_word' id='word_1_147' title='bbox 195 2749 198 2755; x_wconf 83' lang='grc'><strong>’</strong></span> <span class='ocrx_word' id='word_1_148' title='bbox 291 2748 371 2818; x_wconf 87' lang='lat' dir='ltr'>ferre</span> <span class='ocrx_word' id='word_1_149' title='bbox 386 2751 596 2840; x_wconf 85' lang='lat' dir='ltr'>cogebantur,</span> <span class='ocrx_word' id='word_1_150' title='bbox 610 2770 730 2821; x_wconf 91' lang='lat' dir='ltr'>sortem</span> <span class='ocrx_word' id='word_1_151' title='bbox 746 2773 838 2818; x_wconf 91' lang='lat' dir='ltr'>suam</span> <span class='ocrx_word' id='word_1_152' title='bbox 854 2751 932 2835; x_wconf 92' lang='lat' dir='ltr'>jocis</span> <span class='ocrx_word' id='word_1_153' title='bbox 948 2748 1181 2817; x_wconf 88' lang='lat' dir='ltr'>ulciscebantur</span> <span class='ocrx_word' id='word_1_154' title='bbox 1194 2746 1411 2816; x_wconf 89' lang='lat' dir='ltr'>mordacibus.</span> 
     </span>
    </p>
   </div>
   <div class='ocr_carea' id='block_1_5' title="bbox 0 0 1811 5680">
    <p class='ocr_par' dir='ltr' id='par_1_6' title="bbox 0 0 1811 5680">
     <span class='ocr_line' id='line_1_19' title="bbox 0 0 1811 5680; baseline 0 0"><span class='ocrx_word' id='word_1_155' title='bbox 0 0 1811 5680; x_wconf 95' lang='lat' dir='ltr'> </span> 
     </span>
    </p>
   </div>
  </div>
 </body>
</html>
