3588 5680
334 651 374 716 92
505 651 550 698 DE
574 651 756 698 GOLDONIO
781 651 923 700 lTALlCAE
947 651 1067 698 SCAENAE
1091 648 1328 698 CORRECTORE.

333 787 471 856 Galliam
492 790 626 874 extulit3
654 791 777 878 optima
797 813 875 858 vero
897 791 1012 880 prioris
1035 789 1211 858 severitatis
1232 788 1395 856 excusatio
1417 789 1497 856 mihi

332 910 458 980 videtur
471 937 559 994 eum,
575 915 629 1004 qui
644 915 808 995 Venerios,
825 915 962 983 Luteriae
977 913 1144 982 biennium
1164 931 1291 980 tantum
1311 935 1495 994 mansurus,

332 1035 488 1127 liquisset,
499 1038 543 1106 ibi
557 1038 710 1129 reliquam
720 1058 847 1108 aetatem
857 1040 957 1128 egisse
971 1061 1007 1106 ac
1018 1059 1090 1128 post
1102 1039 1233 1127 triginta
1244 1061 1347 1106 annos
1357 1055 1497 1106 extrema

334 1180 499 1230 senectute
513 1162 644 1230 tandem
660 1164 724 1230 vita
736 1163 917 1232 decessisse.
934 1215 938 1224 Α

784 1495 825 1538 ΒΕ
848 1495 1045 1540 MULlERIBUS.

378 1707 577 1796 Quanquam
599 1731 667 1775 non
688 1707 803 1776 absunt
822 1707 970 1776 femineae
990 1730 1134 1798 personae
1158 1731 1175 1776 a
1195 1706 1377 1792 comoediis,
1399 1709 1498 1776 ratius

334 1847 442 1898 tamen
465 1833 564 1899 risum
586 1853 735 1918 movent;
756 1812 934 1900 offenderet
955 1835 1043 1899 enim
1061 1831 1146 1922 apud
1168 1849 1363 1920 spectatores
1388 1854 1496 1923 poeta,

336 1955 391 2043 qui
414 1955 572 2044 virginem
601 1955 808 2024 deridendam
837 1956 1004 2046 proferret.
1035 1957 1148 2046 Itaque
1178 1958 1351 2045 praecipuas
1379 1955 1496 2024 habent

333 2098 452 2170 partes,
467 2097 523 2147 aut
544 2081 706 2162 minimas,
730 2079 814 2168 apud
835 2079 1039 2148 Goldonium
1060 2081 1223 2165 mulieres,
1244 2099 1342 2170 prout
1356 2079 1397 2149 de
1411 2079 1499 2147 flebi-

334 2203 417 2271 libus
427 2217 450 2288 ¹,
467 2223 520 2272 aut
535 2206 666 2272 comicis
681 2203 807 2288 fabulis,
824 2206 939 2292 agitur.

378 2328 417 2393 In
439 2327 609 2395 comoediis
639 2328 828 2418 plerumque
854 2326 1066 2396 adventiciam
1089 2333 1262 2417 personam
1285 2330 1377 2416 virgo
1401 2329 1497 2416 gerit,

334 2474 519 2540 quanquam
541 2450 593 2518 illa
615 2473 696 2540 opus
716 2469 764 2519 est
787 2472 822 2520 ut
842 2451 881 2520 ad
900 2453 1004 2518 imum
1021 2453 1142 2540 nuptiae
1162 2453 1408 2521 contrahantur.
1432 2451 1501 2518 Ma·

336 2575 414 2642 turis
430 2594 543 2642 contra
556 2575 632 2644 viris
647 2596 701 2643 aut
716 2571 895 2644 senioribus
911 2573 1065 2666 quidquid
1084 2578 1184 2642 risum
1203 2594 1315 2643 movet
1336 2574 1499 2660 tribuitur,

336 2699 409 2786 quia
421 2695 556 2768 minime
571 2699 757 2790 religiosum
772 2696 964 2768 arbitramur
978 2700 1017 2767 de
1030 2699 1090 2766 illis
1101 2696 1220 2783 ridere3
1237 2703 1340 2788 major
1350 2701 1453 2766 immo
1464 2700 1498 2766 in

335 2822 397 2890 illis
411 2821 592 2892 deridendis
607 2825 755 2906 varietas,
773 2844 847 2890 cum
863 2844 894 2891 et
913 2823 1032 2891 artibus
1050 2822 1200 2913 professis
1215 2843 1246 2892 et
1260 2821 1502 2891 conditionibus

334 2931 420 3014 inter
429 2971 461 3014 se
472 2942 651 3035 discrepent
662 2968 813 3036 provecta
827 2968 920 3016 aetate
936 2949 1012 3030 viri;
1029 2931 1156 3015 feminis
1171 2965 1280 3015 autem
1291 2950 1398 3016 minus
1411 2947 1502 3014 firma

334 3068 475 3152 indoles,
498 3088 556 3138 nec
579 3071 753 3159 virginibus
771 3073 867 3138 etiam
885 3092 939 3140 aut
960 3072 1053 3139 validi
1073 3071 1216 3156 affectus,
1234 3092 1289 3139 aut
1305 3071 1412 3138 adulta
1427 3086 1504 3138 sunt

336 3187 422 3262 vitia.
439 3194 564 3285 Itaque,
581 3215 656 3261 cum
672 3195 820 3263 mulieres
837 3195 1005 3263 comoediis
1021 3196 1251 3279 admiscentur,
1267 3197 1300 3262 vi
1315 3202 1436 3286 majore
1451 3218 1504 3262 os-

334 3315 466 3384 tendere
486 3316 675 3408 plerumque
693 3319 833 3388 intendit
853 3340 947 3408 poeta
968 3321 1112 3388 virorum
1133 3319 1276 3402 ridicula,
1300 3321 1355 3409 qui
1371 3343 1422 3387 eas
1446 3338 1502 3387 aut

335 3465 451 3530 parum
468 3441 590 3522 dextre,
612 3461 666 3510 aut
682 3443 802 3511 tardius
818 3463 938 3511 amant.

382 3559 488 3633 Aliam
502 3567 599 3633 etiam
615 3565 656 3634 ob
672 3591 800 3635 causam
820 3564 978 3658 obliquas,
996 3587 1032 3635 ut
1051 3569 1095 3635 ita
1111 3569 1228 3651 dicam,
1248 3586 1354 3657 partes
1372 3568 1404 3634 in
1425 3566 1503 3654 gol-

338 3689 480 3758 doniuno
505 3691 631 3758 theatro
657 3712 758 3780 agunt
781 3692 920 3760 feminae.
943 3693 1073 3759 Veteres
1097 3694 1197 3773 enim,
1220 3689 1367 3782 quamvis
1393 3715 1504 3759 emen-

335 3813 419 3882 datae
430 3817 507 3897 sint‚
524 3811 748 3904 extemporalis
760 3817 928 3884 comoediae
939 3838 1090 3905 personas
1106 3835 1216 3883 noster
1226 3812 1376 3897 servavit,
1393 3816 1504 3904 inqua

338 3928 451 4026 paruin
470 3939 619 4007 mulieres
632 3938 797 4024 valebant;
817 3963 892 4007 narn
906 3941 940 4008 in
954 3963 991 4006 ea
1007 3940 1085 4008 nihil
1099 3941 1163 4008 fere
1178 3936 1262 4008 aliud
1280 3919 1425 4007 invenias
1443 3939 1504 4006 nisi

338 4062 470 4151 pupillas
490 4086 507 4128 a
525 4063 686 4130 tutoribus
705 4084 782 4145 arte,
803 4083 987 4154 quanquam
1006 4059 1174 4146 inutiliter,
1196 4059 1389 4148 custoditas3
1408 4064 1505 4150 virgi·

339 4201 395 4252 nes
409 4186 447 4253 ad
462 4186 634 4254 amandum
651 4208 817 4276 promptas
826 4215 835 4270 ;
853 4181 1044 4255 illiberaliter
1058 4182 1185 4256 festivas
1201 4183 1351 4255 mulieres
1365 4188 1505 4276 virisque

339 4308 483 4397 placendi
497 4310 666 4394 studiosas,
685 4336 702 4378 a
718 4303 833 4401 quibus
847 4315 940 4380 rectis
952 4305 1043 4380 lineis
1055 4306 1211 4380 Goldonii
1223 4315 1373 4380 Rosaurae
1385 4313 1505 4380 Beatti·

339 4457 456 4524 cesque
473 4458 576 4524 genus
594 4435 728 4502 ducunt.
749 4435 850 4518 Quod
871 4456 981 4525 argute
1003 4435 1133 4525 quidem
1156 4413 1381 4503 animadvertit¹
1398 4433 1506 4525 Schle-

343 4599 553 4613 h———n—

378 4709 400 4747 r.
422 4693 483 4748 Vid.
500 4689 611 4757 Pomela,
629 4692 665 4747 la
674 4685 750 4764 figlia
771 4694 918 4759 obbedimta,
931 4693 969 4748 Lo
982 4699 1057 4764 putto
1071 4701 1187 4759 onorata,
1202 4695 1241 4748 Lo
1255 4696 1337 4748 buono
1350 4690 1453 4766 ntoglie,
1470 4694 1506 4748 La

342 4795 411 4834 serva
424 4796 547 4847 amorosa,
562 4791 612 4838 etc.
