3588 5680
336 627 396 694 106
505 643 549 690 ur
574 641 756 690 sornouro
781 641 926 690 urtice
951 641 1070 690 semare
1094 641 1329 692 connucrour.

334 801 388 853 tur
401 782 513 865 animi,
529 781 679 849 mixtos¹.
702 779 833 864 «Quod
848 780 887 865 si,
903 779 991 849 addit
1004 779 1104 862 idem,
1122 779 1161 847 ad
1180 779 1265 868 leges
1281 781 1357 849 artis
1372 797 1498 848 exactas

332 905 455 974 fabulas
478 902 636 973 scribendi
657 903 801 972 laborem
822 925 891 972 non
910 904 1040 972 timeret
1058 922 1168 993 poeta,
1189 902 1386 973 omittendas
1404 902 1498 972 fuisse

333 1051 487 1120 personas
506 1026 593 1095 larva
610 1026 758 1110 indutas;
780 1027 877 1096 nimis
898 1028 985 1095 enim
1003 1045 1059 1095 aut
1077 1049 1144 1096 non
1162 1029 1238 1095 satis
1252 1028 1356 1116 patrio
1372 1027 1498 1096 theatro

333 1153 525 1241 scriptorem
544 1148 667 1236 fecisse,
686 1171 746 1219 nec
766 1172 975 1220 consuescere
994 1150 1145 1222 homines
1162 1149 1299 1219 verniles
1312 1151 1402 1238 jocos
1416 1172 1499 1219 verae

333 1273 505 1345 comoediae
525 1274 635 1342 scaenis
656 1272 863 1343 succedentes
884 1273 1003 1343 videre.
1029 1273 1114 1358 Quae
1136 1271 1251 1342 fabulae
1270 1271 1356 1341 larva
1376 1273 1497 1343 indutis

333 1400 480 1490 personis
494 1415 639 1483 utantur,
656 1420 721 1482 eas,
742 1397 850 1488 quales
872 1415 985 1467 natura
1003 1398 1080 1480 sint,
1102 1414 1250 1466 constare
1267 1414 1432 1488 oportere,
1449 1419 1497 1467 res

333 1521 454 1591 scilicet
468 1520 636 1611 gerendas,
657 1544 796 1612 quarum
816 1543 927 1590 scaenae
945 1543 1014 1590 non
1034 1522 1098 1592 sint
1117 1521 1256 1611 scriptae,
1278 1519 1333 1590 sed
1350 1539 1497 1590 actorum

334 1646 471 1734 impetui
480 1662 577 1736 atque
589 1642 774 1712 inveniendi
790 1645 891 1735 copiae
904 1644 1029 1714 traditae
1036 1670 1046 1728 ;
1062 1642 1186 1712 fervido
1200 1663 1310 1713 autem
1323 1663 1417 1727 aestu,
1432 1667 1498 1735 quo

333 1767 380 1836 illi
394 1791 432 1836 ex
445 1769 624 1859 improviso
640 1769 788 1852 recitent,
804 1769 835 1836 id
845 1789 949 1856 genus
963 1769 1086 1858 placere
1100 1787 1146 1851 et,
1162 1769 1188 1836 si
1203 1770 1370 1837 memoriae
1385 1767 1498 1836 tradita

334 1891 468 1961 dicenda
482 1894 559 1976 sint,
575 1895 767 1984 praecipuam
781 1891 968 1980 hujusmodi
982 1892 1217 1982 jucunditatem
1231 1891 1316 1976 tolli,
1332 1915 1407 1961 cum
1422 1915 1499 1982 gens

333 2016 452 2099 italica,
469 2034 499 2086 et
513 2016 594 2086 dum
609 2016 734 2102 deliret,
750 2019 918 2106 proprium
932 2016 1046 2085 habeat
1063 2015 1229 2106 quoddam
1245 2016 1425 2103 ingenium.
1445 2041 1460 2079 n

378 2141 500 2209 Decem
520 2141 614 2209 annis
635 2159 745 2209 tamen
766 2141 892 2231 elapsis,
911 2140 997 2208 idem
1016 2141 1245 2228 grammaticus
1264 2141 1374 2208 minus
1394 2161 1499 2207 severe

334 2286 409 2331 cum
435 2263 603 2333 Goldonio
628 2263 754 2352 agebat,
778 2265 909 2355 visaque
932 2265 1057 2332 Persica
1081 2287 1187 2350 uxore,
1212 2262 1327 2331 talibus
1350 2262 1497 2332 utebatur

334 2387 477 2455 verbis¹:
501 2413 517 2450 u
534 2388 614 2456 Haec
628 2387 790 2456 comoedia
808 2388 893 2455 inter
908 2389 1056 2478 optimas
1075 2389 1239 2477 scriptoris
1261 2388 1422 2456 numerari
1442 2409 1497 2476 po·

335 2529 396 2578 test
406 2536 416 2595 ;
437 2509 635 2579 laudandum
655 2512 743 2578 enim
764 2511 843 2579 mihi
858 2533 940 2600 opus
953 2511 1061 2578 visum
1076 2512 1163 2578 enim
1183 2529 1231 2580 est
1251 2534 1287 2579 ac
1306 2533 1385 2600 pure
1403 2511 1499 2599 scrip·

337 2653 421 2717 tum,
439 2650 598 2725 quantum
614 2634 728 2702 saltem
747 2634 887 2723 judicare
905 2634 1008 2719 licuit,
1027 2656 1102 2702 nam
1119 2634 1255 2722 indigno
1276 2633 1378 2703 modo
1393 2633 1431 2701 ab
1446 2655 1499 2700 ac-

334 2759 458 2827 toribus
472 2758 569 2827 verba
583 2758 827 2828 mutilabantur.
844 2786 861 2823 r>

379 2883 418 2949 in
431 2882 522 2950 Italia
535 2883 716 2972 composita
732 2881 834 2949 luerat
847 2880 963 2966 labula,
981 2881 1021 2949 de
1038 2904 1100 2971 qua
1114 2882 1157 2950 ibi
1172 2883 1295 2969 agitur3
1314 2881 1499 2951 Goldonius

334 3023 457 3088 autem,
472 3004 701 3075 secundissimo
715 3006 846 3092 ingenio
861 3003 1026 3094 praeditus,
1044 3005 1180 3073 Lutetiae
1195 3028 1263 3074 non
1279 3006 1387 3073 minus
1403 3026 1500 3095 quam

334 3128 450 3214 viginti
478 3145 633 3218 quattuor
658 3127 777 3196 fabulas
808 3151 910 3196 novas
933 3127 1065 3196 biennio
1087 3131 1226 3219 scripsit,
1252 3128 1499 3218 obligationem,

335 3274 434 3340 quam
453 3270 648 3340 susceperat,
672 3250 850 3336 soluturus,
866 3270 897 3319 et
913 3251 1078 3320 nonnullae
1094 3275 1214 3341 magno
1230 3251 1340 3340 plausu
1363 3270 1501 3340 acceptae

335 3393 422 3444 sunt.
449 3376 534 3459 Quae
557 3376 702 3464 primum
726 3398 765 3442 ex
781 3376 961 3465 improviso
982 3375 1152 3445 recitandae
1175 3395 1278 3461 erant,
1301 3376 1369 3445 illas
1390 3392 1499 3466 postea

335 3500 467 3588 scriptas
481 3500 514 3566 in
530 3499 654 3567 Italiam
669 3499 770 3585 misit,
787 3523 860 3567 cum
875 3502 913 3569 ab
928 3500 1093 3568 exsulante
1108 3523 1202 3568 novae
1221 3522 1348 3588 semper
1374 3522 1499 3568 comce-

335 3623 408 3708 diae,
422 3624 457 3690 in
472 3623 580 3711 patriis
592 3623 724 3712 agendae
737 3625 864 3709 scaenis,
878 3642 1076 3713 peterentur.

378 3751 541 3837 Τριλογίαν
560 3746 747 3837 quamdam,
774 3771 813 3817 eo
834 3765 980 3837 tempore
999 3765 1117 3832 actam,
1142 3771 1213 3838 quae
1235 3748 1350 3837 triplici
1371 3749 1499 3816 actione

335 3887 460 3938 constat
471 3883 495 3950 ³,
513 3897 529 3935 «
545 3872 626 3937 mira
640 3889 708 3938 arte
723 3870 924 3940 elaboratum
935 3894 1016 3961 opus
1027 3896 1043 3935 n
1060 3872 1240 3940 Grimmius
1251 3871 1400 3961 appellat,
1415 3897 1431 3935 «
1445 3895 1500 3940 na·

334 4011 415 4060 turae
432 3993 626 4076 imitatione,
648 3995 794 4080 veritate,
811 3994 1008 4084 imaginandi
1022 3997 1054 4062 vi
1076 4013 1106 4064 et
1121 4013 1217 4063 acuto
1231 3996 1394 4084 scriptoris
1409 3996 1501 4083 inge·

373 4286 395 4326 1.
419 4270 537 4338 Grimm,
550 4270 769 4343 Corrupondancc
782 4273 915 4330 littlraira.
934 4274 983 4331 Ed.
1000 4273 1158 4342 Tourneux,
1172 4284 1192 4330 t.
1208 4273 1245 4340 V,
1259 4289 1286 4344 p.
1303 4270 1364 4341 276.

369 4401 394 4442 2.
416 4386 534 4452 Grimm,
550 4386 769 4459 Corrcspoadance
783 4386 916 4443 littiraira.
936 4389 985 4445 Ed.
1005 4388 1163 4454 Tourneux,
1179 4403 1198 4445 t.
1213 4388 1249 4454 X,
1264 4404 1290 4459 p.
1308 4401 1398 4457 70-71.
1420 4387 1504 4444 Addit

334 4485 425 4527 autem
447 4473 634 4528 Bachaumont
647 4475 795 4544 (Mimoirer
807 4483 905 4541 sacrus,
921 4475 965 4531 die
980 4475 1013 4530 26
1030 4494 1114 4533 mens.
1132 4487 1198 4546 sept.
1218 4476 1298 4545 1772)
1316 4491 1411 4546 parum
1430 4492 1504 4546 spec-

335 4561 608 4620 tatoribusPcrsr'cam
622 4581 724 4618 uxorem
738 4564 876 4634 placuisse.

371 4693 394 4747 3.
416 4677 462 4731 Gli
475 4680 558 4731 amori
570 4679 599 4732 di
612 4679 762 4734 Arlecclriuo
772 4697 784 4731 c
796 4679 824 4732 di
838 4679 950 4732 Camilla
969 4709 997 4719 -
1013 4679 1051 4732 La
1064 4679 1158 4749 gelosia
1174 4677 1202 4731 di
1216 4677 1368 4732 Arlccchino
1380 4707 1414 4718 —
1429 4677 1504 4730 L’in·

336 4766 482 4837 quietudine
495 4766 523 4819 di
538 4766 657 4824 Camilla.
