3600 5682
567 623 736 679 QUANTUM
760 624 805 670 AD
829 627 928 671 MORES
952 623 1130 672 PERTINET.
1392 621 1426 688 51

310 763 525 832 Concorditer
539 766 647 853 itaque
662 786 737 830 cum
753 763 939 832 censoribus
949 785 1017 830 rem
1031 761 1144 852 agebat
1159 760 1356 842 Goldonius,
1369 784 1430 829 nec

266 911 377 977 poenas
401 885 640 966 reformidabat,
662 910 734 978 quae
757 911 817 955 suo
842 888 957 956 theatri
981 885 1173 954 emendandi
1193 886 1327 954 consilio
1347 884 1430 952 fave·

266 1012 355 1080 bant.
372 1013 450 1080 Non
466 1010 590 1101 publica
605 1031 714 1079 tamen
728 1034 861 1080 censura
877 1011 1045 1080 exsistebat
1065 1034 1139 1079 cum
1158 1009 1277 1078 fabulas
1296 1009 1431 1078 scribere

266 1138 376 1225 coepit,
392 1137 483 1224 cujus
496 1137 541 1202 rei
556 1134 749 1204 desiderium
763 1138 797 1204 in
812 1137 964 1228 Prodigi¹
980 1136 1142 1225 prooemio
1158 1135 1307 1223 exprimit
1316 1161 1326 1217 3
1349 1134 1430 1202 hanc

267 1260 398 1351 quidem
415 1259 613 1329 comoediam
630 1262 773 1348 primum
792 1261 925 1351 antiquo
946 1283 1037 1328 more
1062 1259 1280 1350 compositam
1299 1258 1431 1348 posthac

265 1385 311 1452 ita
328 1385 465 1452 correxit
483 1401 519 1452 ut
545 1411 561 1450 a
583 1384 622 1453 ab
648 1385 877 1453 honestissimo
897 1406 1027 1475 quoque
1051 1384 1281 1474 religionisque
1305 1404 1432 1450 servan·

266 1509 392 1578 tissimo
411 1507 600 1598 probaretur
622 1534 653 1578 a.
674 1547 719 1560 -
739 1535 755 1574 (ι
777 1509 926 1592 Utinam,
947 1507 1047 1590 addit,
1068 1509 1182 1598 prioris
1202 1529 1282 1574 meae
1303 1508 1433 1574 temeri-

266 1634 340 1701 tatis
355 1655 471 1701 omnes
482 1635 516 1702 in
532 1632 731 1702 oblivionem
746 1635 912 1701 venirent!
931 1656 989 1723 pro
1006 1656 1068 1723 qua
1087 1633 1209 1701 sincera
1228 1630 1291 1698 fide
1305 1633 1433 1700 veniam

266 1776 342 1846 peto
347 1808 411 1826 .....
431 1758 557 1825 Gratias
577 1758 676 1847 igitur
694 1757 882 1827 salutaribus
904 1760 1152 1846 magistratuum
1171 1757 1265 1844 jussis
1286 1779 1361 1845 ago,
1377 1757 1432 1847 qui

267 1881 502 1950 comoediarum
522 1881 783 1951 emendationem
802 1901 1067 1973 procuraverunt,
1088 1880 1297 1973 laudeturque
1321 1903 1431 1950 censo·

267 2030 341 2076 rum
355 2008 518 2092 severitas,
535 2008 651 2099 quibus
665 2006 733 2076 haec
747 2008 914 2099 inquisitio
928 2009 1100 2075 commissa
1115 2007 1180 2074 est!
1201 2032 1217 2070 u

312 2133 469 2222 AEquiore
488 2133 597 2199 animo
618 2133 826 2200 necessariam
846 2133 982 2200 tolerare
1003 2132 1070 2198 vim
1087 2129 1214 2199 difficile
1230 2149 1291 2213 est,
1308 2128 1431 2197 Goldo·

270 2256 315 2324 nii
330 2255 459 2347 quidem
473 2255 596 2324 aemulis
611 2258 712 2345 magis
727 2279 824 2348 quam
838 2257 897 2346 ipsi
914 2256 1106 2324 nocituram.

307 2548 331 2588 1.
347 2531 373 2587 Il
381 2532 499 2605 prodigo.
