3600 5682
308 1373 393 1428 QUID
413 1373 635 1420 CORRIGENDO
654 1372 829 1436 THEATRO,
849 1373 1020 1428 QUANTUM
1040 1372 1085 1418 An
1104 1375 1249 1420 LITTERAS
1268 1375 1470 1437 PERTINEAT,

688 1514 888 1563 GOLDONIUS
912 1515 1097 1563 EFFECERIT

349 2103 554 2193 Ubicumque
568 2105 601 2170 in
617 2101 705 2170 Italia
719 2101 846 2170 decimo
862 2121 978 2171 octavo
992 2101 1110 2169 saeculo
1125 2100 1163 2170 ad
1186 2125 1285 2171 novas
1300 2126 1349 2170 res
1370 2105 1468 2170 animi

306 2226 491 2309 tendebant,
507 2251 583 2294 narn
606 2229 717 2317 incipit
740 2251 775 2294 ea
789 2245 882 2294 aetate
896 2226 928 2296 id
946 2228 1101 2316 temporis
1116 2228 1255 2316 spatium
1271 2226 1358 2315 quod
1374 2225 1471 2294 ultra·

305 2353 454 2420 muntani
467 2353 638 2440 scriptores
661 2379 676 2415 ‹<
695 2353 924 2439 risorgimento
940 2378 956 2415 n
979 2369 1108 2420 vocant.
1126 2351 1279 2419 Tertium
1293 2354 1358 2440 jam
1374 2374 1471 2418 saecu-

304 2473 373 2542 lum
402 2477 540 2543 externis
568 2474 709 2564 dominis
737 2474 872 2556 subditi,
897 2474 1101 2565 perdiderant
1124 2477 1208 2542 cives
1236 2477 1382 2565 antiquas
1404 2473 1471 2542 illas

304 2600 451 2684 virtutes,
468 2601 584 2690 quibus
599 2600 707 2668 medio
723 2622 792 2667 aevo
809 2599 922 2667 italicae
936 2597 1121 2687 respublicae
1136 2617 1264 2666 tantum
1278 2600 1467 2686 viguerant;

304 2724 352 2790 his
367 2745 444 2790 vero
461 2723 585 2790 miseris
600 2722 799 2812 temporibus
814 2745 919 2789 unum
934 2721 993 2788 fuit
1008 2722 1165 2803 studium,
1184 2722 1334 2811 principis
1355 2721 1469 2790 odium

303 2847 414 2931 vitare,
432 2865 463 2914 et
483 2847 562 2915 dum
582 2870 687 2937 neque
704 2847 850 2936 publicis,
871 2869 977 2936 neque
997 2848 1092 2913 sacris
1111 2846 1217 2928 rebus,
1239 2869 1343 2937 neque
1366 2846 1469 2936 philo·

302 2972 424 3059 sophiae
447 2993 579 3059 operam
603 2964 706 3052 dares,
730 2990 835 3039 cetera
856 2970 955 3038 libera
976 2972 1087 3038 civitas
1111 2990 1190 3052 erat,
1218 2994 1253 3037 ac
1275 2961 1466 3060 praesertim,

302 3115 460 3186 quantum
475 3093 514 3162 ad
529 3118 637 3162 mores
651 3095 843 3184 pertinebat,
855 3105 982 3162 summa
993 3093 1376 3164 concedebaturlicentia.
1390 3095 1469 3162 Inde

302 3219 352 3286 hic
370 3218 536 3308 peculiaris
550 3221 679 3288 vivendi
698 3218 827 3302 modus,
846 3242 945 3310 quem
968 3220 1128 3287 mirantur
1149 3220 1330 3308 peregrini3
1348 3220 1415 3286 haec
1435 3221 1468 3288 in

300 3344 413 3411 litteris
441 3343 668 3410 concinnitatis
697 3345 895 3412 consectatio
923 3343 1097 3433 putidaque
1121 3343 1236 3427 verba;
1258 3343 1311 3410 hic
1337 3342 1468 3412 tandem

301 3487 448 3532 summus
466 3465 672 3554 antiquarum
694 3486 803 3532 rerum
820 3465 1061 3551 investigationi
1079 3462 1184 3544 favor,
1207 3465 1263 3552 qui
1284 3463 1468 3551 regentibus

301 3586 423 3654 nullam
442 3587 693 3656 sollicitudinem
709 3587 870 3658 afferebat.

337 3710 496 3780 Paulatim
510 3730 619 3779 autem
633 3711 720 3778 illam
736 3712 874 3778 inertem
885 3709 1007 3779 molem
1018 3709 1129 3799 gallica
1137 3733 1229 3776 mens
1240 3712 1361 3798 agitare
1370 3713 1468 3799 coepit

299 3857 344 3918 ac,
356 3852 537 3902 nostratum
548 3833 983 3923 philosophorumimpulsu,
993 3857 1103 3901 secum
1115 3835 1257 3920 cogitare
1268 3833 1339 3900 Itali
1348 3836 1467 3901 iterum

299 3971 513 4027 tentaverunt.
524 3959 591 4041 Qui
602 3959 660 4047 ipsi
671 3956 804 4046 publicis
816 3957 1087 4048 rebuspraeerant,
1098 3958 1330 4026 humaniorum
1341 3957 1467 4025 doctio-

300 4104 438 4172 rumque
451 4081 570 4150 famam
584 4083 739 4171 consequi
754 4085 930 4172 cupientes,
949 4082 988 4149 ad
1006 4081 1142 4150 Voltarii
1153 4083 1323 4169 opiniones
1333 4082 1467 4149 inclina-

300 4205 389 4290 bant,
406 4207 474 4295 qui,
488 4224 524 4273 ut
535 4224 677 4295 apparet,
688 4205 875 4294 potentibus
886 4204 1107 4273 noninultum
1120 4205 1326 4294 repugnabat.
1342 4206 1386 4272 Ea
1397 4208 1467 4294 qui-

298 4326 1462 4428 demconditioneutexternadominatio,recentibusconditafoederibus,

299 4476 392 4543 aequo
407 4456 517 4521 animo
534 4456 744 4543 acciperetur,
764 4451 851 4520 Italis
869 4452 982 4520 licebat
999 4452 1088 4521 etde
1105 4451 1264 4541 republica
1279 4453 1430 4520 disserere
1442 4449 1463 4519 ¹2

337 4709 360 4750 r.
374 4694 444 4748 Vide
463 4695 527 4766 quid
540 4695 609 4747 Vico
630 4692 788 4746 descientia
810 4708 877 4745 novo
891 4692 997 4763 (1725),
1020 4694 1145 4747 Beccaria
1163 4693 1196 4747 de
1216 4692 1326 4746 Deliciis
1344 4693 1373 4745 aa
1386 4692 1467 4763 poenis

298 4781 402 4852 (1764),
419 4781 527 4838 Galiani
542 4783 575 4836 de
589 4783 624 4837 Re
633 4781 809 4852 frumentaria
823 4782 918 4851 (1770)
932 4781 1095 4852 scripserint.
