3600 5682
537 1481 582 1528 DE
608 1479 747 1527 lThLICO
772 1478 934 1526 THEATRO
957 1477 1049 1556 ANTE
1075 1476 1288 1524 GOLDONIUM

376 2160 473 2252 Apud
502 2161 633 2228 Graecos
660 2157 725 2227 fere
753 2159 841 2227 solos
868 2157 1042 2226 theatrum·
1059 2155 1206 2224 videmus
1234 2151 1435 2244 indigenam,
1463 2152 1502 2223 ad

332 2287 438 2372 gentis
452 2284 592 2372 effigiem
602 2284 793 2364 formatum,
805 2281 842 2349 ad
855 2304 952 2372 quam
963 2279 1156 2370 pertinebat,
1168 2276 1239 2346 solo
1251 2281 1321 2367 ipso
1336 2281 1501 2360 innatum,

335 2409 488 2496 paulatim
513 2425 656 2496 crescens
680 2431 715 2475 ac
737 2404 882 2489 tandem,
908 2405 988 2472 mire
1010 2405 1263 2492 congruentium
1289 2402 1503 2480 secundarum

333 2555 442 2600 rerum
463 2555 635 2614 concursu,
653 2553 816 2599 summam
837 2553 1008 2620 assequens
1031 2526 1315 2618 pulchritudinem.
1340 2527 1411 2595 Hac
1433 2527 1505 2616 qui-

334 2657 408 2724 dem
442 2654 639 2745 perfectione
667 2654 867 2723 delectantur
897 2653 992 2722 ceteri
1027 2652 1155 2742 populi,
1187 2671 1224 2719 ut
1257 2674 1329 2718 eam
1363 2651 1504 2740 primum

334 2781 462 2848 novisse
496 2779 674 2868 incipiunt,
711 2798 765 2846 aur
791 2777 905 2846 saltem
933 2755 1049 2844 eorum
1078 2774 1502 2866 quisquelitteratissimus.

333 2904 515 2973 Theatrum
532 2905 630 2989 igitur
643 2926 784 2991 graecum
803 2903 922 2971 imitati
939 2889 1017 2970 'sunt
1042 2901 1195 2981 Romani,
1213 2922 1249 2966 ac
1269 2918 1380 2987 postea
1395 2921 1505 2965 recen·

333 3030 432 3096 tiores
451 3027 581 3117 popull;
603 3026 671 3094 ¹uec
699 3028 797 3101 etiam
822 3025 1001 3094 britannica
1024 3044 1078 3092 aut
1108 3024 1269 3113 hispanica
1299 3045 1420 3105 scaena,
1447 3019 1506 3089 etsi

335 3151 462 3242 propria
472 3170 550 3218 nota
564 3151 710 3238 signatae,
722 3149 808 3217 hunc
823 3149 1000 3239 impulsum
1016 3149 1154 3216 omnino
1169 3146 1312 3234 effugere
1322 3145 1504 3214 valuerunt.

335 3269 398 3344 Sed
419 3274 617 3364 paucissimis
643 3294 785 3356 tanturn,
803 3274 926 3342 Graecia
948 3292 1093 3363 excepta,
1115 3272 1233 3362 placuit
1257 3270 1324 3338 haec
1348 3269 1507 3360 exquisita

334 3400 434 3466 animi
451 3398 640 3481 oblectatio;
663 3400 778 3466 Rornae
792 3396 907 3487 vulgus
923 3399 1046 3487 pugiles
1065 3415 1119 3464 aut
1140 3393 1362 3476 funambulos,
1376 3417 1412 3462 ac
1427 3418 1506 3484 prae-
1573 3443 1577 3452 .

335 3524 446 3591 sertim
474 3521 666 3609 gladiatores
690 3520 863 3610 poscebat¹
890 3539 922 3588 et
951 3539 1063 3588 ursum
1087 3542 1170 3609 puro
1194 3518 1341 3587 Terentii
1365 3518 1506 3585 sermoni

335 3637 532 3736 praeferebar.
546 3640 640 3736 Apud
657 3645 770 3714 Gallos
786 3638 963 3733 plebecula,
978 3661 1050 3734 quae
1063 3642 1214 3733 frequens
1230 3643 1372 3710 scaenicis
1388 3661 1507 3730 myste-

337 3772 391 3838 riis
409 3769 581 3854 assederat,
598 3768 733 3838 doctum
753 3770 882 3858 septimi
901 3768 1017 3836 decimi
1031 3767 1137 3836 saeculi
1161 3767 1323 3835 theatrum
1345 3765 1506 3848 deserens,

337 3893 374 3961 ad
392 3894 541 3961 mimicos
554 3893 657 3981 jocos,
676 3893 731 3983 qui
745 3893 778 3958 in
793 3892 865 3959 foro
881 3890 1071 3980 agebantur,
1089 3891 1264 3982 concurrit.

381 4015 472 4084 Idem
487 4035 615 4105 apparet
636 4015 719 4104 apud
735 4015 854 4083 Italos!
881 4038 970 4098 cum,
988 4014 1228 4081 renascentibus
1247 4010 1373 4092 litteris,
1397 4009 1507 4102 Arios·

338 4151 402 4221 ωε,
420 4140 691 4220 Macchiavellius,
713 4140 931 4228 Bibbienaque
950 4138 1113 4206 classicam
1135 4135 1332 4205 comoediam
1353 4157 1507 4202 renovare

337 4282 477 4346 tentant,
494 4262 673 4353 spectacula
686 4255 874 4351 hujusmodi
892 4261 975 4350 apud
997 4259 1084 4329 solos
1106 4261 1263 4350 principes
1283 4257 1437 4339 eduntur,
1453 4281 1507 4325 so·

338 4386 550 4477 lcnnibusque
570 4386 695 4470 diebus,
717 4410 793 4455 cum
816 4405 870 4453 aut
892 4385 996 4472 regale
1020 4384 1222 4453 connubium
1245 4380 1435 4463 celebratur,
1452 4401 1508 4449 aut

337 4511 450 4579 feritur
466 4511 586 4596 foedus,
603 4529 658 4578 aut
672 4534 727 4578 rex
742 4511 858 4599 hospes
873 4511 1034 4599 recipitur.
1054 4508 1152 4576 Tunc
1167 4505 1297 4596 quidem
1309 4506 1420 4572 omnia
1431 4527 1508 4572 con·

378 4787 400 4836 t.
422 4781 485 4838 Ter.
502 4779 606 4852 Hery'rae
620 4779 727 4852 prologr
743 4778 811 4832 Vide
826 4778 908 4831 etiarn
924 4777 991 4832 Hor.
1009 4776 1093 4846 Epist.
1109 4775 1144 4840 ll,
1163 4790 1186 4831 1.
